date,order_id,customer_id,sport,revenue,profit,shipping_cost,rating
1/1/22,10001,102278,Baseball,183.60,97.29,0,
1/1/22,10002,102279,Basketball,185.76,103.40,0,
1/1/22,10003,102280,Basketball,128.16,66.27,0,
1/1/22,10004,102281,Hockey,45.62,15.46,7,
1/1/22,10005,102282,Football,106.30,21.75,0,
1/1/22,10006,102283,Football,58.11,12.08,0,3
1/1/22,10007,102284,Soccer,214.04,70.41,0,2
1/1/22,10008,102285,Basketball,37.29,2.55,7,
1/1/22,10009,102286,Baseball,56.19,17.26,0,2
1/1/22,10010,102287,Soccer,178.28,56.29,0,
1/2/22,10011,102288,Football,20.94,4.71,7,5
1/2/22,10012,102289,Hockey,134.35,47.07,0,2
1/2/22,10013,102290,Football,173.17,58.25,0,2
1/2/22,10014,102291,Hockey,121.07,33.73,0,
1/2/22,10015,102292,Basketball,210.98,74.53,0,
1/2/22,10016,102293,Basketball,186.97,60.80,0,2
1/2/22,10017,102294,Baseball,57.64,10.80,0,
1/2/22,10018,102295,Hockey,14.61,2.82,7,
1/2/22,10019,102296,Soccer,19.39,1.44,7,
1/3/22,10020,102297,Baseball,86.60,16.26,0,
1/3/22,10021,102298,Football,87.93,19.14,0,1
1/3/22,10022,102299,Football,60.30,12.80,0,
1/3/22,10023,102300,Soccer,35.86,7.34,7,5
1/3/22,10024,102301,Baseball,72.25,16.19,0,
1/4/22,10025,102302,Football,82.35,18.70,0,
1/4/22,10026,102303,Basketball,65.61,13.05,0,
1/4/22,10027,102304,Football,75.97,15.06,0,
1/4/22,10028,102305,Hockey,82.61,16.07,0,
1/4/22,10029,102306,Hockey,103.86,20.33,0,3
1/4/22,10030,102307,Soccer,120.48,29.21,0,
1/4/22,10031,102308,Basketball,30.92,7.87,7,
1/4/22,10032,102309,Basketball,188.22,53.08,0,
1/4/22,10033,102310,Football,306.68,119.69,0,
1/4/22,10034,102311,Football,220.71,84.13,0,3
1/4/22,10035,102312,Football,161.24,66.38,0,
1/5/22,10036,102313,Football,248.62,108.12,0,
1/5/22,10037,102314,Hockey,136.27,45.76,0,
1/5/22,10038,102315,Hockey,325.60,133.27,0,
1/5/22,10039,102316,Baseball,117.55,47.78,0,
1/5/22,10040,102317,Soccer,218.45,95.05,0,
1/5/22,10041,102318,Hockey,156.32,60.38,0,4
1/5/22,10042,102319,Baseball,358.11,135.63,0,4
1/5/22,10043,102320,Baseball,138.32,54.25,0,
1/5/22,10044,102321,Hockey,117.47,25.38,0,3
1/5/22,10045,102322,Basketball,229.26,83.57,0,
1/5/22,10046,102323,Baseball,340.11,149.20,0,5
1/6/22,10047,102324,Hockey,120.32,46.81,0,
1/6/22,10048,102325,Basketball,205.58,65.63,0,1
1/6/22,10049,102326,Hockey,216.95,72.19,0,
1/6/22,10050,102327,Hockey,297.48,113.76,0,5
1/6/22,10051,102328,Soccer,52.11,-6.56,0,
1/6/22,10052,102329,Baseball,148.74,57.75,0,
1/6/22,10053,102330,Basketball,149.49,55.91,0,2
1/6/22,10054,102331,Football,342.28,148.24,0,
1/6/22,10055,102332,Football,391.77,181.07,0,5
1/7/22,10056,102333,Hockey,227.84,84.13,0,
1/7/22,10057,102334,Soccer,337.13,131.32,0,5
1/7/22,10058,102335,Hockey,176.30,53.86,0,
1/7/22,10059,102336,Hockey,218.57,93.36,0,
1/7/22,10060,102337,Basketball,123.72,37.96,0,
1/7/22,10061,102338,Hockey,146.22,40.48,0,
1/7/22,10062,102339,Baseball,141.99,40.48,0,
1/7/22,10063,102340,Basketball,129.32,30.98,0,
1/8/22,10064,102341,Soccer,235.81,78.50,0,
1/8/22,10065,102342,Basketball,132.70,41.54,0,
1/8/22,10066,102343,Basketball,295.82,120.04,0,
1/9/22,10067,102344,Baseball,180.87,63.37,0,3
1/9/22,10068,102345,Hockey,185.10,74.28,0,5
1/9/22,10069,102346,Hockey,101.42,32.74,0,
1/9/22,10070,102347,Basketball,32.96,2.82,7,
1/9/22,10071,102348,Football,37.19,5.98,7,1
1/9/22,10072,102349,Basketball,320.33,110.89,0,3
1/9/22,10073,102350,Football,45.64,0.70,7,
1/9/22,10074,102351,Soccer,305.69,107.48,0,1
1/10/22,10075,102352,Baseball,283.62,102.77,0,
1/10/22,10076,102353,Football,264.00,88.62,0,4
1/11/22,10077,102354,Hockey,34.33,-1.01,7,
1/11/22,10078,102355,Baseball,48.22,-2.02,7,5
1/11/22,10079,102356,Baseball,49.04,18.19,0,
1/11/22,10080,102357,Hockey,58.85,10.45,0,
1/11/22,10081,102358,Football,311.41,118.27,0,1
1/11/22,10082,102359,Hockey,284.44,105.13,0,
1/11/22,10083,102360,Hockey,24.52,7.75,7,
1/11/22,10084,102361,Basketball,85.00,16.51,0,
1/11/22,10085,102362,Basketball,276.26,100.75,0,
1/12/22,10086,102363,Baseball,297.51,114.90,0,1
1/12/22,10087,102364,Hockey,228.04,90.64,0,2
1/12/22,10088,102365,Football,32.82,-1.01,7,4
1/12/22,10089,102366,Football,87.53,25.75,0,
1/12/22,10090,102367,Baseball,237.83,78.65,0,3
1/12/22,10091,102368,Baseball,145.69,42.24,0,
1/12/22,10092,102369,Football,116.32,27.16,0,
1/12/22,10093,102370,Hockey,82.92,24.34,0,
1/12/22,10094,102371,Football,199.82,61.35,0,
1/12/22,10095,102372,Football,112.87,31.78,0,5
1/13/22,10096,102373,Baseball,94.44,22.93,0,2
1/13/22,10097,102374,Soccer,25.91,1.41,7,1
1/13/22,10098,102375,Hockey,77.74,23.13,0,
1/13/22,10099,102376,Football,173.91,50.89,0,
1/13/22,10100,102377,Soccer,138.21,44.66,0,
1/14/22,10101,102378,Baseball,171.03,48.48,0,3
1/14/22,10102,102379,Soccer,35.70,9.05,7,5
1/14/22,10103,102380,Soccer,243.59,80.06,0,
1/14/22,10104,102381,Basketball,181.12,47.71,0,
1/14/22,10105,102382,Baseball,188.36,59.55,0,
1/14/22,10106,102383,Baseball,133.30,33.52,0,
1/14/22,10107,102384,Basketball,87.42,23.70,0,
1/15/22,10108,102385,Football,9.66,-4.52,7,
1/15/22,10109,102386,Basketball,154.55,40.53,0,
1/15/22,10110,102387,Baseball,56.77,13.61,0,
1/16/22,10111,102388,Baseball,20.51,7.08,7,4
1/16/22,10112,102389,Basketball,117.99,42.26,0,
1/16/22,10113,102390,Baseball,80.55,28.99,0,
1/16/22,10114,102391,Football,108.48,39.83,0,
1/16/22,10115,102392,Football,30.61,8.41,7,
1/16/22,10116,102393,Soccer,101.95,30.20,0,1
1/16/22,10117,102394,Basketball,83.22,23.34,0,
1/17/22,10118,102395,Hockey,30.02,8.96,7,
1/17/22,10119,102396,Baseball,46.37,10.73,7,2
1/17/22,10120,102397,Soccer,108.19,34.74,0,
1/17/22,10121,102398,Hockey,13.67,-2.54,7,
1/17/22,10122,102399,Football,88.57,25.78,0,
1/17/22,10123,102400,Hockey,66.26,21.03,0,
1/17/22,10124,102401,Baseball,135.95,51.98,0,1
1/17/22,10125,102402,Baseball,18.66,-3.08,7,3
1/17/22,10126,102403,Football,27.42,9.23,7,
1/17/22,10127,102404,Basketball,72.73,27.02,0,3
1/17/22,10128,102405,Football,58.26,18.98,0,1
1/18/22,10129,102406,Soccer,107.65,41.23,0,
1/18/22,10130,102407,Hockey,94.84,27.17,0,
1/18/22,10131,102408,Basketball,129.44,51.78,0,
1/18/22,10132,102409,Basketball,110.22,36.11,0,
1/18/22,10133,102410,Basketball,196.08,79.90,0,
1/18/22,10134,102411,Baseball,42.29,6.71,7,
1/18/22,10135,102412,Hockey,16.66,-14.06,7,
1/18/22,10136,102413,Basketball,22.43,1.60,7,
1/18/22,10137,102414,Soccer,148.67,64.56,0,4
1/19/22,10138,102415,Basketball,165.97,60.08,0,
1/19/22,10139,102416,Basketball,169.17,71.59,0,
1/19/22,10140,102417,Basketball,92.28,36.11,0,5
1/19/22,10141,102418,Basketball,31.40,2.24,7,
1/19/22,10142,102419,Baseball,137.13,61.68,0,
1/19/22,10143,102420,Basketball,19.86,-10.55,7,
1/19/22,10144,102421,Basketball,191.60,77.02,0,
1/19/22,10145,102422,Football,121.75,46.34,0,
1/19/22,10146,102423,Soccer,133.93,58.81,0,4
1/19/22,10147,102424,Baseball,64.51,19.27,0,
1/20/22,10148,102425,Soccer,199.18,99.64,0,
1/20/22,10149,102426,Basketball,295.95,164.97,0,2
1/20/22,10150,102427,Hockey,280.63,156.98,0,
1/20/22,10151,102428,Hockey,211.28,109.51,0,1
1/21/22,10152,102429,Soccer,37.09,-7.52,7,
1/21/22,10153,102430,Basketball,245.15,112.33,0,5
1/21/22,10154,102431,Baseball,274.98,133.01,0,
1/21/22,10155,102432,Baseball,70.16,23.97,0,
1/21/22,10156,102433,Football,326.59,185.18,0,4
1/22/22,10157,102434,Soccer,129.83,42.30,0,5
1/22/22,10158,102435,Soccer,50.00,23.03,0,4
1/22/22,10159,102436,Soccer,289.50,150.40,0,
1/22/22,10160,102437,Basketball,249.18,121.26,0,
1/22/22,10161,102438,Baseball,70.16,12.22,0,
1/22/22,10162,102439,Basketball,24.19,-14.57,7,
1/22/22,10163,102440,Soccer,299.17,170.61,0,1
1/22/22,10164,102441,Basketball,334.66,163.09,0,
1/22/22,10165,102442,Football,237.89,135.36,0,
1/22/22,10166,102443,Basketball,82.25,25.85,0,
1/22/22,10167,102444,Soccer,321.75,156.51,0,5
1/23/22,10168,102445,Hockey,257.24,142.88,0,1
1/23/22,10169,102446,Football,241.92,117.03,0,
1/23/22,10170,102447,Baseball,134.67,73.32,0,
1/23/22,10171,102448,Baseball,25.00,-11.28,7,
1/23/22,10172,102449,Basketball,334.66,175.31,0,
1/23/22,10173,102450,Hockey,242.73,109.51,0,
1/24/22,10174,102451,Soccer,249.98,141.00,0,
1/24/22,10175,102452,Hockey,22.58,-8.46,7,5
1/24/22,10176,102453,Basketball,187.89,101.99,0,
1/24/22,10177,102454,Basketball,181.44,97.29,0,
1/24/22,10178,102455,Football,54.35,25.35,0,2
1/24/22,10179,102456,Football,21.30,1.23,7,
1/24/22,10180,102457,Baseball,83.72,38.03,0,
1/24/22,10181,102458,Hockey,70.50,35.57,0,
1/24/22,10182,102459,Football,137.33,48.66,0,4
1/24/22,10183,102460,Soccer,169.65,90.78,0,
1/25/22,10184,102461,Basketball,44.80,6.95,7,
1/25/22,10185,102462,Basketball,252.63,125.12,0,3
1/25/22,10186,102463,Soccer,195.35,87.10,0,
1/25/22,10187,102464,Baseball,300.37,163.56,0,
1/25/22,10188,102465,Baseball,290.82,147.61,0,
1/25/22,10189,102466,Basketball,217.38,110.40,0,
1/25/22,10190,102467,Soccer,24.97,-2.86,7,4
1/25/22,10191,102468,Basketball,201.96,86.28,0,1
1/26/22,10192,102469,Soccer,88.13,28.62,0,
1/26/22,10193,102470,Baseball,185.07,84.23,0,5
1/26/22,10194,102471,Baseball,240.15,122.26,0,
1/26/22,10195,102472,Football,195.35,86.28,0,1
1/26/22,10196,102473,Hockey,13.95,-14.72,7,
1/26/22,10197,102474,Baseball,45.53,17.99,7,
1/26/22,10198,102475,Soccer,154.22,59.70,0,
1/26/22,10199,102476,Baseball,89.60,40.07,0,
1/26/22,10200,102477,Football,252.63,114.49,0,
1/26/22,10201,102478,Baseball,251.90,137.80,0,
1/26/22,10202,102479,Football,19.83,1.64,7,
1/26/22,10203,102480,Football,157.16,61.74,0,
1/26/22,10204,102481,Hockey,223.26,118.17,0,
1/26/22,10205,102482,Baseball,26.44,-6.95,7,
1/27/22,10206,102483,Soccer,93.27,23.31,0,4
1/27/22,10207,102484,Hockey,185.80,86.28,0,
1/27/22,10208,102485,Basketball,30.84,-8.18,7,
1/27/22,10209,102486,Hockey,135.86,56.84,0,3
1/27/22,10210,102487,Soccer,163.77,87.50,0,
1/27/22,10211,102488,Basketball,295.96,140.66,0,
1/28/22,10212,102489,Hockey,56.55,21.26,0,
1/28/22,10213,102490,Hockey,263.65,118.99,0,
1/28/22,10214,102491,Football,310.65,159.88,0,
1/28/22,10215,102492,Football,142.47,73.19,0,2
1/28/22,10216,102493,Hockey,103.55,41.30,0,
1/28/22,10217,102494,Baseball,235.01,128.39,0,
1/29/22,10218,102495,Football,20.56,-15.95,7,
1/29/22,10219,102496,Basketball,87.39,31.49,0,5
1/29/22,10220,102497,Hockey,69.77,36.39,0,5
1/29/22,10221,102498,Football,211.51,109.59,0,
1/29/22,10222,102499,Baseball,136.60,57.65,0,
1/29/22,10223,102500,Football,188.01,82.60,0,
1/30/22,10224,102501,Soccer,43.33,17.58,7,
1/30/22,10225,102502,Football,30.84,-9.81,7,
1/30/22,10226,102503,Hockey,75.92,20.13,0,
1/30/22,10227,102504,Soccer,118.28,43.15,0,
1/30/22,10228,102505,Soccer,204.60,113.14,0,
1/30/22,10229,102506,Basketball,39.16,16.78,7,5
1/30/22,10230,102507,Football,217.38,119.37,0,
1/30/22,10231,102508,Soccer,210.99,106.43,0,1
1/30/22,10232,102509,Soccer,131.87,48.90,0,
1/30/22,10233,102510,Soccer,188.61,96.36,0,
1/30/22,10234,102511,Basketball,226.17,121.29,0,4
1/30/22,10235,102512,Football,239.76,132.79,0,5
1/31/22,10236,102513,Hockey,111.89,42.19,0,
1/31/22,10237,102514,Football,278.92,158.20,0,3
1/31/22,10238,102515,Basketball,20.78,-11.03,7,
1/31/22,10239,102516,Hockey,286.11,146.70,0,
1/31/22,10240,102517,Soccer,210.19,97.80,0,3
1/31/22,10241,102518,Football,23.98,-6.71,7,3
1/31/22,10242,102519,Basketball,139.86,58.49,0,4
2/1/22,10243,102520,Hockey,130.27,72.87,0,
2/1/22,10244,102521,Basketball,188.61,100.67,0,1
2/1/22,10245,102522,Soccer,290.91,162.52,0,3
2/1/22,10246,102523,Baseball,314.88,163.95,0,
2/1/22,10247,102524,Hockey,159.84,90.13,0,
2/1/22,10248,102525,Baseball,318.88,166.83,0,5
2/2/22,10249,102526,Basketball,227.77,117.45,0,
2/2/22,10250,102527,Hockey,89.51,22.53,0,
2/2/22,10251,102528,Basketball,109.49,38.35,0,5
2/2/22,10252,102529,Basketball,74.33,24.45,0,5
2/2/22,10253,102530,Football,142.26,53.21,0,
2/2/22,10254,102531,Football,30.37,-14.86,7,
2/2/22,10255,102532,Baseball,318.08,177.86,0,5
2/2/22,10256,102533,Basketball,330.07,187.92,0,4
2/2/22,10257,102534,Basketball,27.97,4.79,7,
2/3/22,10258,102535,Baseball,327.67,193.20,0,5
2/3/22,10259,102536,Football,322.08,163.00,0,
2/3/22,10260,102537,Football,249.35,118.89,0,
2/3/22,10261,102538,Basketball,121.48,41.23,0,
2/3/22,10262,102539,Soccer,149.45,81.02,0,5
2/3/22,10263,102540,Basketball,47.95,0.48,7,
2/3/22,10264,102541,Basketball,300.50,169.23,0,
2/3/22,10265,102542,Football,88.71,33.56,0,
2/4/22,10266,102543,Hockey,162.24,91.09,0,5
2/4/22,10267,102544,Soccer,16.78,-21.57,7,
2/4/22,10268,102545,Hockey,211.79,101.63,0,1
2/4/22,10269,102546,Soccer,165.43,85.81,0,5
2/5/22,10270,102547,Hockey,226.97,104.03,0,
2/5/22,10271,102548,Football,121.48,55.61,0,5
2/5/22,10272,102549,Basketball,331.67,192.24,0,3
2/5/22,10273,102550,Football,139.06,69.51,0,4
2/5/22,10274,102551,Basketball,304.50,178.82,0,
2/6/22,10275,102552,Baseball,182.22,76.22,0,1
2/6/22,10276,102553,Hockey,334.07,189.36,0,5
2/6/22,10277,102554,Football,232.57,108.82,0,
2/6/22,10278,102555,Hockey,156.59,55.60,0,5
2/6/22,10279,102556,Baseball,134.97,44.42,0,
2/6/22,10280,102557,Baseball,218.18,102.32,0,
2/6/22,10281,102558,Football,123.83,56.59,0,5
2/7/22,10282,102559,Basketball,77.97,16.12,0,
2/7/22,10283,102560,Baseball,13.10,2.30,7,
2/7/22,10284,102561,Hockey,159.21,57.25,0,
2/7/22,10285,102562,Baseball,30.79,11.19,7,
2/7/22,10286,102563,Football,46.52,6.25,7,4
2/7/22,10287,102564,Basketball,267.32,131.93,0,
2/7/22,10288,102565,Baseball,213.60,94.09,0,
2/8/22,10289,102566,Soccer,134.97,51.00,0,3
2/8/22,10290,102567,Basketball,231.94,94.42,0,
2/8/22,10291,102568,Baseball,230.63,99.69,0,3
2/8/22,10292,102569,Hockey,87.14,22.70,0,
2/8/22,10293,102570,Baseball,155.94,68.76,0,
2/8/22,10294,102571,Basketball,119.90,49.02,0,2
2/8/22,10295,102572,Baseball,263.39,130.28,0,3
2/8/22,10296,102573,Hockey,136.28,47.38,0,
2/9/22,10297,102574,Football,230.63,107.25,0,5
2/9/22,10298,102575,Hockey,174.94,67.77,0,
2/9/22,10299,102576,Hockey,77.97,17.44,0,
2/9/22,10300,102577,Soccer,173.63,83.90,0,
2/10/22,10301,102578,Soccer,15.72,-14.15,7,5
2/10/22,10302,102579,Football,100.90,34.55,0,
2/10/22,10303,102580,Baseball,216.22,89.16,0,5
2/10/22,10304,102581,Basketball,96.31,33.56,0,1
2/10/22,10305,102582,Hockey,128.42,57.58,0,
2/10/22,10306,102583,Baseball,41.93,0.00,7,
2/11/22,10307,102584,Baseball,266.67,126.67,0,
2/11/22,10308,102585,Basketball,199.84,96.40,0,
2/11/22,10309,102586,Basketball,203.77,78.96,0,2
2/11/22,10310,102587,Soccer,49.14,8.23,0,5
2/11/22,10311,102588,Soccer,34.07,2.63,7,
2/11/22,10312,102589,Hockey,262.08,122.06,0,3
2/11/22,10313,102590,Football,32.10,7.24,7,2
2/11/22,10314,102591,Soccer,181.49,74.03,0,
2/11/22,10315,102592,Football,81.90,24.68,0,5
2/11/22,10316,102593,Basketball,206.39,87.51,0,
2/12/22,10317,102594,Soccer,99.59,30.60,0,5
2/12/22,10318,102595,Hockey,84.52,37.18,0,
2/12/22,10319,102596,Basketball,129.07,50.34,0,3
2/12/22,10320,102597,Soccer,43.90,17.11,7,
2/12/22,10321,102598,Soccer,65.52,26.98,0,3
2/12/22,10322,102599,Basketball,226.04,94.75,0,2
2/12/22,10323,102600,Football,36.04,0.33,7,4
2/12/22,10324,102601,Hockey,190.66,77.32,0,
2/13/22,10325,102602,Football,78.62,16.12,0,3
2/13/22,10326,102603,Basketball,87.14,25.66,0,5
2/13/22,10327,102604,Football,203.11,99.69,0,5
2/13/22,10328,102605,Soccer,229.32,99.69,0,
2/14/22,10329,102606,Hockey,138.76,54.79,0,3
2/14/22,10330,102607,Soccer,51.96,10.39,0,
2/14/22,10331,102608,Hockey,234.43,99.51,0,
2/14/22,10332,102609,Football,24.71,-8.50,7,2
2/14/22,10333,102610,Basketball,178.68,78.73,0,
2/14/22,10334,102611,Football,204.65,85.97,0,
2/14/22,10335,102612,Hockey,186.28,71.48,0,
2/14/22,10336,102613,Baseball,57.02,12.60,0,1
2/14/22,10337,102614,Football,210.36,87.23,0,
2/14/22,10338,102615,Hockey,112.15,44.09,0,
2/14/22,10339,102616,Hockey,140.03,65.50,0,5
2/15/22,10340,102617,Soccer,138.12,53.22,0,
2/15/22,10341,102618,Basketball,46.89,19.84,7,
2/15/22,10342,102619,Football,141.29,63.29,0,5
2/15/22,10343,102620,Hockey,254.71,108.01,0,
2/15/22,10344,102621,Football,111.51,48.49,0,5
2/15/22,10345,102622,Baseball,126.09,41.57,0,
2/15/22,10346,102623,Hockey,105.81,34.32,0,5
2/15/22,10347,102624,Basketball,176.14,66.44,0,
2/15/22,10348,102625,Soccer,73.50,26.45,0,4
2/16/22,10349,102626,Basketball,176.77,78.73,0,
2/16/22,10350,102627,Basketball,126.72,45.35,0,5
2/16/22,10351,102628,Football,122.92,51.96,0,
2/16/22,10352,102629,Soccer,190.71,76.84,0,
2/16/22,10353,102630,Basketball,155.23,71.80,0,5
2/16/22,10354,102631,Football,30.41,4.09,7,
2/16/22,10355,102632,Hockey,31.68,11.65,7,5
2/16/22,10356,102633,Football,131.79,46.29,0,5
2/16/22,10357,102634,Hockey,166.00,72.11,0,
2/16/22,10358,102635,Hockey,102.01,46.92,0,3
2/17/22,10359,102636,Hockey,139.39,62.35,0,
2/17/22,10360,102637,Basketball,89.97,33.69,0,
2/17/22,10361,102638,Basketball,56.39,18.26,0,
2/17/22,10362,102639,Hockey,200.22,85.02,0,
2/17/22,10363,102640,Hockey,23.44,4.41,7,5
2/17/22,10364,102641,Hockey,234.43,113.99,0,
2/17/22,10365,102642,Football,236.33,97.62,0,1
2/17/22,10366,102643,Hockey,114.68,48.81,0,
2/17/22,10367,102644,Hockey,174.10,69.56,0,5
2/17/22,10368,102645,Basketball,40.62,4.32,7,
2/17/22,10369,102646,Basketball,159.81,64.30,0,5
2/17/22,10370,102647,Hockey,140.62,52.83,0,
2/18/22,10371,102648,Football,70.08,19.93,0,
2/18/22,10372,102649,Hockey,36.16,8.27,7,5
2/18/22,10373,102650,Hockey,33.93,3.76,7,
2/18/22,10374,102651,Soccer,100.44,37.79,0,5
2/18/22,10375,102652,Soccer,135.26,53.77,0,
2/18/22,10376,102653,Baseball,96.87,39.48,0,5
2/19/22,10377,102654,Soccer,171.42,67.12,0,
2/19/22,10378,102655,Baseball,99.99,31.77,0,
2/19/22,10379,102656,Basketball,63.39,15.98,0,
2/19/22,10380,102657,Basketball,12.50,3.01,7,2
2/19/22,10381,102658,Soccer,144.19,56.78,0,
2/19/22,10382,102659,Football,149.99,60.54,0,
2/19/22,10383,102660,Basketball,165.17,61.29,0,
2/19/22,10384,102661,Football,11.61,2.07,7,4
2/19/22,10385,102662,Football,180.35,66.55,0,5
2/20/22,10386,102663,Basketball,125.44,45.31,0,4
2/20/22,10387,102664,Football,17.86,-5.64,7,
2/20/22,10388,102665,Football,136.60,55.84,0,4
2/20/22,10389,102666,Football,116.06,42.68,0,3
2/20/22,10390,102667,Football,143.29,50.01,0,
2/20/22,10391,102668,Basketball,91.96,31.96,0,
2/20/22,10392,102669,Soccer,64.73,16.17,0,
2/20/22,10393,102670,Football,136.15,51.70,0,
2/21/22,10394,102671,Soccer,48.21,13.72,7,2
2/21/22,10395,102672,Football,34.37,8.27,7,
2/21/22,10396,102673,Basketball,142.40,47.94,0,3
2/21/22,10397,102674,Football,91.07,25.94,0,
2/21/22,10398,102675,Basketball,54.01,21.24,0,
2/21/22,10399,102676,Soccer,61.60,13.72,0,4
2/21/22,10400,102677,Hockey,65.62,23.88,0,
2/21/22,10401,102678,Soccer,124.99,50.01,0,
2/21/22,10402,102679,Soccer,142.40,50.76,0,1
2/21/22,10403,102680,Hockey,155.79,56.40,0,
2/21/22,10404,102681,Soccer,137.94,45.68,0,
2/21/22,10405,102682,Hockey,100.89,36.28,0,
2/21/22,10406,102683,Hockey,115.17,40.23,0,
2/21/22,10407,102684,Football,45.53,7.90,7,
2/21/22,10408,102685,Baseball,137.49,49.44,0,
2/21/22,10409,102686,Football,160.70,55.46,0,2
2/21/22,10410,102687,Football,147.31,59.60,0,4
2/22/22,10411,102688,Hockey,149.99,53.96,0,2
2/22/22,10412,102689,Soccer,128.42,46.04,0,
2/22/22,10413,102690,Soccer,43.06,6.70,7,
2/22/22,10414,102691,Baseball,51.67,12.68,0,2
2/23/22,10415,102692,Hockey,99.59,31.33,0,
2/23/22,10416,102693,Hockey,102.96,30.60,0,4
2/23/22,10417,102694,Hockey,118.31,43.42,0,
2/24/22,10418,102695,Hockey,65.89,19.67,0,
2/24/22,10419,102696,Football,144.52,48.66,0,4
2/24/22,10420,102697,Football,23.96,1.17,7,
2/24/22,10421,102698,Hockey,35.94,6.70,7,2
2/24/22,10422,102699,Soccer,138.53,49.39,0,
2/24/22,10423,102700,Hockey,33.70,3.21,7,
2/24/22,10424,102701,Hockey,112.32,40.50,0,2
2/24/22,10425,102702,Football,143.40,54.64,0,
2/24/22,10426,102703,Basketball,15.35,-2.04,7,
2/25/22,10427,102704,Baseball,152.76,49.25,0,2
2/25/22,10428,102705,Soccer,128.42,47.35,0,4
2/26/22,10429,102706,Soccer,146.76,47.50,0,2
2/26/22,10430,102707,Basketball,156.12,54.64,0,5
2/26/22,10431,102708,Soccer,73.76,22.58,0,
2/26/22,10432,102709,Football,140.40,48.08,0,
2/26/22,10433,102710,Basketball,57.66,18.50,0,5
2/26/22,10434,102711,Baseball,128.04,45.90,0,5
2/26/22,10435,102712,Basketball,154.63,55.66,0,5
2/26/22,10436,102713,Football,110.82,40.94,0,
2/27/22,10437,102714,Hockey,31.45,8.45,7,1
2/27/22,10438,102715,Soccer,69.64,24.62,0,3
2/27/22,10439,102716,Soccer,143.02,53.03,0,
2/27/22,10440,102717,Basketball,56.16,19.52,0,
2/27/22,10441,102718,Hockey,139.65,50.56,0,4
2/27/22,10442,102719,Baseball,87.98,25.21,0,2
2/27/22,10443,102720,Hockey,54.29,11.95,0,
2/27/22,10444,102721,Basketball,53.54,20.11,0,
2/27/22,10445,102722,Basketball,83.49,31.03,0,
2/28/22,10446,102723,Baseball,66.27,16.76,0,
2/28/22,10447,102724,Hockey,55.04,16.90,0,2
2/28/22,10448,102725,Baseball,19.84,1.17,7,
2/28/22,10449,102726,Hockey,112.32,39.48,0,1
2/28/22,10450,102727,Hockey,61.78,17.92,0,
2/28/22,10451,102728,Baseball,40.81,5.97,7,
2/28/22,10452,102729,Football,93.97,26.23,0,4
2/28/22,10453,102730,Hockey,8.24,-5.97,7,
2/28/22,10454,102731,Basketball,114.19,36.72,0,3
2/28/22,10455,102732,Baseball,149.76,50.85,0,
2/28/22,10456,102733,Football,39.69,5.25,7,
2/28/22,10457,102734,Hockey,114.57,41.38,0,5
3/1/22,10458,102735,Football,91.73,30.01,0,
3/1/22,10459,102736,Baseball,19.84,5.83,7,5
3/1/22,10460,102737,Soccer,82.71,30.19,0,
3/1/22,10461,102738,Football,73.04,28.33,0,
3/1/22,10462,102739,Football,58.06,24.61,0,
3/1/22,10463,102740,Soccer,5.30,1.45,7,5
3/2/22,10464,102741,Hockey,18.20,3.31,7,1
3/2/22,10465,102742,Baseball,5.53,-0.31,7,5
3/2/22,10466,102743,Soccer,11.75,1.76,7,
3/2/22,10467,102744,Baseball,18.66,5.07,7,1
3/2/22,10468,102745,Soccer,63.13,23.27,0,1
3/2/22,10469,102746,Football,54.60,23.16,0,
3/2/22,10470,102747,Football,17.74,6.72,7,
3/2/22,10471,102748,Basketball,95.39,41.57,0,2
3/2/22,10472,102749,Soccer,9.68,0.10,7,3
3/2/22,10473,102750,Soccer,31.80,13.24,7,
3/2/22,10474,102751,Baseball,95.39,36.71,0,1
3/2/22,10475,102752,Soccer,30.64,10.03,7,
3/3/22,10476,102753,Football,86.63,32.16,0,1
3/3/22,10477,102754,Soccer,59.67,26.26,0,
3/3/22,10478,102755,Basketball,90.78,35.47,0,
3/3/22,10479,102756,Hockey,53.45,17.06,0,
3/3/22,10480,102757,Basketball,34.33,8.27,7,
3/3/22,10481,102758,Basketball,64.05,23.27,0,
3/3/22,10482,102759,Soccer,43.78,15.30,7,
3/3/22,10483,102760,Football,53.91,19.03,0,3
3/4/22,10484,102761,Baseball,77.41,31.95,0,
3/4/22,10485,102762,Basketball,73.50,28.75,0,2
3/4/22,10486,102763,Baseball,20.74,2.69,7,
3/4/22,10487,102764,Football,61.75,22.95,0,
3/4/22,10488,102765,Baseball,84.33,36.29,0,
3/4/22,10489,102766,Soccer,7.83,2.59,7,
3/4/22,10490,102767,Hockey,24.42,6.31,7,
3/5/22,10491,102768,Football,23.73,8.89,7,1
3/5/22,10492,102769,Soccer,22.81,2.90,7,
3/5/22,10493,102770,Hockey,67.51,27.19,0,
3/5/22,10494,102771,Football,81.10,34.12,0,
3/5/22,10495,102772,Soccer,31.10,7.86,7,
3/5/22,10496,102773,Soccer,5.53,-1.14,7,
3/6/22,10497,102774,Hockey,12.21,2.17,7,
3/6/22,10498,102775,Hockey,79.26,33.09,0,
3/6/22,10499,102776,Basketball,75.34,32.26,0,
3/6/22,10500,102777,Basketball,33.87,9.82,7,
3/6/22,10501,102778,Basketball,9.45,1.86,7,
3/6/22,10502,102779,Football,29.72,7.86,7,
3/6/22,10503,102780,Baseball,56.68,23.58,0,5
3/6/22,10504,102781,Basketball,90.32,36.91,0,
3/6/22,10505,102782,Soccer,78.57,31.12,0,
3/7/22,10506,102783,Baseball,4.61,-4.24,7,
3/7/22,10507,102784,Soccer,35.02,9.20,7,
3/7/22,10508,102785,Hockey,29.26,12.51,7,
3/7/22,10509,102786,Basketball,10.14,2.07,7,
3/7/22,10510,102787,Football,58.29,20.06,0,
3/7/22,10511,102788,Hockey,4.61,-1.24,7,
3/7/22,10512,102789,Basketball,87.55,35.36,0,
3/7/22,10513,102790,Baseball,122.51,63.44,0,2
3/7/22,10514,102791,Football,109.22,50.34,0,5
3/7/22,10515,102792,Football,105.39,54.49,0,
3/8/22,10516,102793,Hockey,40.44,18.38,7,
3/8/22,10517,102794,Football,118.67,55.29,0,
3/8/22,10518,102795,Football,101.84,44.58,0,5
3/8/22,10519,102796,Hockey,57.86,28.92,0,
3/8/22,10520,102797,Hockey,104.50,49.06,0,5
3/8/22,10521,102798,Football,79.70,35.16,0,5
3/8/22,10522,102799,Football,83.25,38.19,0,
3/9/22,10523,102800,Hockey,112.18,49.86,0,5
3/9/22,10524,102801,Hockey,37.20,13.10,7,
3/9/22,10525,102802,Hockey,17.42,4.47,7,1
3/9/22,10526,102803,Football,64.35,32.92,0,
3/9/22,10527,102804,Baseball,84.13,42.51,0,
3/9/22,10528,102805,Baseball,62.88,30.36,0,2
3/9/22,10529,102806,Hockey,44.58,22.69,7,
3/9/22,10530,102807,Basketball,18.60,9.27,7,1
3/9/22,10531,102808,Football,64.35,30.68,0,1
3/9/22,10532,102809,Basketball,24.80,2.40,7,3
3/10/22,10533,102810,Baseball,88.26,37.39,0,1
3/10/22,10534,102811,Football,19.19,4.31,7,
3/10/22,10535,102812,Football,25.09,2.56,7,5
3/10/22,10536,102813,Soccer,113.65,53.69,0,
3/10/22,10537,102814,Hockey,107.16,49.86,0,
3/10/22,10538,102815,Football,6.79,1.44,7,
3/10/22,10539,102816,Baseball,85.02,36.43,0,1
3/11/22,10540,102817,Baseball,28.63,11.51,7,
3/11/22,10541,102818,Soccer,67.01,35.32,0,5
3/11/22,10542,102819,Soccer,51.96,19.50,0,
3/11/22,10543,102820,Hockey,14.46,6.87,7,
3/11/22,10544,102821,Football,104.21,51.30,0,5
3/11/22,10545,102822,Basketball,34.54,10.87,7,
3/11/22,10546,102823,Soccer,49.00,16.78,0,5
3/11/22,10547,102824,Soccer,43.69,16.46,7,
3/12/22,10548,102825,Basketball,49.30,23.33,0,3
3/12/22,10549,102826,Baseball,87.38,36.91,0,5
3/12/22,10550,102827,Baseball,51.66,26.85,0,
3/12/22,10551,102828,Soccer,31.00,8.63,7,5
3/12/22,10552,102829,Soccer,46.64,15.18,7,
3/12/22,10553,102830,Football,109.52,47.94,0,5
3/12/22,10554,102831,Soccer,44.87,23.33,7,
3/12/22,10555,102832,Hockey,91.81,38.51,0,2
3/13/22,10556,102833,Hockey,98.30,51.14,0,
3/13/22,10557,102834,Soccer,124.28,65.52,0,3
3/13/22,10558,102835,Football,25.09,8.79,7,
3/13/22,10559,102836,Baseball,116.31,57.85,0,
3/13/22,10560,102837,Baseball,6.49,-0.64,7,
3/13/22,10561,102838,Football,71.14,27.33,0,
3/13/22,10562,102839,Soccer,14.46,0.32,7,
3/13/22,10563,102840,Basketball,121.33,55.45,0,
3/13/22,10564,102841,Baseball,40.15,19.34,7,
3/13/22,10565,102842,Basketball,90.04,39.47,0,2
3/13/22,10566,102843,Hockey,59.34,25.09,0,
3/14/22,10567,102844,Basketball,92.40,46.02,0,2
3/14/22,10568,102845,Football,70.26,27.01,0,
3/14/22,10569,102846,Baseball,86.20,44.58,0,5
3/14/22,10570,102847,Baseball,45.17,23.33,7,
3/14/22,10571,102848,Basketball,102.43,46.02,0,
3/15/22,10572,102849,Soccer,118.08,56.89,0,4
3/15/22,10573,102850,Basketball,87.08,43.63,0,
3/15/22,10574,102851,Baseball,41.92,16.94,7,
3/15/22,10575,102852,Hockey,82.95,34.20,0,4
3/15/22,10576,102853,Basketball,180.35,121.15,0,2
3/15/22,10577,102854,Baseball,201.14,140.76,0,3
3/15/22,10578,102855,Basketball,181.56,110.84,0,
3/15/22,10579,102856,Baseball,299.93,182.24,0,2
3/15/22,10580,102857,Baseball,81.88,34.00,0,
3/15/22,10581,102858,Hockey,149.52,87.72,0,
3/16/22,10582,102859,Basketball,83.66,15.64,0,
3/16/22,10583,102860,Soccer,372.02,278.80,0,5
3/16/22,10584,102861,Basketball,144.18,106.76,0,3
3/16/22,10585,102862,Football,80.99,27.20,0,
3/16/22,10586,102863,Hockey,131.72,57.80,0,
3/16/22,10587,102864,Soccer,249.20,169.32,0,
3/16/22,10588,102865,Soccer,137.95,100.64,0,
3/16/22,10589,102866,Hockey,179.78,110.16,0,
3/16/22,10590,102867,Hockey,153.08,76.84,0,
3/16/22,10591,102868,Baseball,122.82,75.48,0,
3/17/22,10592,102869,Basketball,194.91,136.00,0,
3/17/22,10593,102870,Basketball,66.75,35.36,0,
3/17/22,10594,102871,Baseball,70.31,38.08,0,5
3/17/22,10595,102872,Baseball,232.29,174.08,0,4
3/17/22,10596,102873,Basketball,113.03,63.92,0,
3/17/22,10597,102874,Football,325.74,242.76,0,2
3/17/22,10598,102875,Football,37.38,22.44,7,3
3/18/22,10599,102876,Baseball,317.73,232.56,0,
3/18/22,10600,102877,Football,255.43,166.60,0,3
3/18/22,10601,102878,Baseball,242.97,167.28,0,
3/18/22,10602,102879,Baseball,138.84,93.84,0,5
3/18/22,10603,102880,Hockey,272.34,170.00,0,
3/18/22,10604,102881,Baseball,105.02,51.00,0,
3/18/22,10605,102882,Basketball,326.63,206.72,0,
3/18/22,10606,102883,Baseball,325.74,206.72,0,
3/18/22,10607,102884,Basketball,119.26,42.84,0,
3/18/22,10608,102885,Baseball,358.67,266.56,0,
3/19/22,10609,102886,Baseball,243.86,138.72,0,
3/19/22,10610,102887,Hockey,58.74,14.28,0,3
3/19/22,10611,102888,Basketball,149.52,68.68,0,
3/19/22,10612,102889,Basketball,299.04,210.12,0,
3/19/22,10613,102890,Soccer,144.18,69.36,0,
3/19/22,10614,102891,Baseball,103.24,48.96,0,
3/19/22,10615,102892,Baseball,63.19,36.04,0,
3/19/22,10616,102893,Soccer,221.61,154.36,0,2
3/20/22,10617,102894,Hockey,23.14,-29.92,7,
3/20/22,10618,102895,Baseball,202.92,146.20,0,3
3/20/22,10619,102896,Hockey,31.15,3.40,7,
3/20/22,10620,102897,Soccer,299.04,202.64,0,5
3/20/22,10621,102898,Baseball,26.70,15.64,7,
3/20/22,10622,102899,Soccer,304.38,201.28,0,
3/20/22,10623,102900,Soccer,218.94,142.12,0,
3/20/22,10624,102901,Basketball,27.59,-17.00,7,
3/20/22,10625,102902,Football,237.63,167.28,0,
3/21/22,10626,102903,Soccer,65.86,17.00,0,
3/21/22,10627,102904,Soccer,40.94,14.28,7,
3/21/22,10628,102905,Baseball,354.22,261.80,0,
3/21/22,10629,102906,Soccer,139.73,80.24,0,
3/21/22,10630,102907,Soccer,377.36,257.04,0,4
3/22/22,10631,102908,Soccer,252.76,170.68,0,1
3/22/22,10632,102909,Football,339.98,211.48,0,
3/22/22,10633,102910,Basketball,83.66,21.76,0,
3/22/22,10634,102911,Football,327.52,244.12,0,
3/22/22,10635,102912,Soccer,142.40,97.24,0,
3/22/22,10636,102913,Soccer,337.31,218.28,0,
3/23/22,10637,102914,Baseball,309.72,199.92,0,
3/23/22,10638,102915,Soccer,102.35,39.44,0,1
3/23/22,10639,102916,Basketball,107.69,62.56,0,
3/23/22,10640,102917,Baseball,128.16,61.20,0,
3/23/22,10641,102918,Football,210.04,116.28,0,3
3/23/22,10642,102919,Basketball,373.80,261.12,0,3
3/23/22,10643,102920,Football,307.05,205.36,0,
3/23/22,10644,102921,Basketball,373.80,262.48,0,
3/23/22,10645,102922,Soccer,194.91,112.88,0,
3/23/22,10646,102923,Football,106.80,66.64,0,
3/23/22,10647,102924,Baseball,58.74,41.48,0,
3/23/22,10648,102925,Soccer,259.88,192.44,0,
3/24/22,10649,102926,Football,41.83,-2.72,7,2
3/24/22,10650,102927,Hockey,206.48,137.36,0,
3/24/22,10651,102928,Football,353.33,249.56,0,
3/25/22,10652,102929,Baseball,219.83,163.20,0,
3/25/22,10653,102930,Hockey,230.51,127.84,0,
3/25/22,10654,102931,Basketball,103.24,65.96,0,
3/25/22,10655,102932,Football,95.23,35.36,0,
3/25/22,10656,102933,Soccer,65.86,25.16,0,
3/25/22,10657,102934,Baseball,223.39,150.96,0,
3/25/22,10658,102935,Soccer,212.71,133.96,0,
3/25/22,10659,102936,Baseball,333.75,238.68,0,5
3/26/22,10660,102937,Football,33.82,10.88,7,
3/26/22,10661,102938,Hockey,234.96,152.32,0,
3/26/22,10662,102939,Soccer,121.04,57.80,0,
3/26/22,10663,102940,Hockey,128.16,76.84,0,
3/26/22,10664,102941,Basketball,287.47,172.72,0,
3/26/22,10665,102942,Hockey,43.61,4.76,7,
3/26/22,10666,102943,Basketball,323.07,221.00,0,
3/26/22,10667,102944,Baseball,316.84,205.36,0,5
3/26/22,10668,102945,Basketball,196.69,120.36,0,
3/26/22,10669,102946,Soccer,190.46,142.12,0,3
3/27/22,10670,102947,Basketball,341.76,257.04,0,5
3/27/22,10671,102948,Baseball,52.51,1.36,0,
3/27/22,10672,102949,Hockey,190.46,131.24,0,5
3/27/22,10673,102950,Hockey,27.59,-22.44,7,
3/27/22,10674,102951,Baseball,162.87,87.04,0,
3/27/22,10675,102952,Baseball,251.87,163.20,0,
3/28/22,10676,102953,Basketball,81.88,18.36,0,1
3/28/22,10677,102954,Baseball,249.20,162.52,0,1
3/28/22,10678,102955,Basketball,276.79,189.04,0,2
3/28/22,10679,102956,Hockey,266.11,163.88,0,
3/28/22,10680,102957,Football,172.66,104.04,0,
3/28/22,10681,102958,Basketball,79.21,34.68,0,
3/29/22,10682,102959,Football,93.45,40.80,0,
3/29/22,10683,102960,Basketball,36.49,13.60,7,
3/29/22,10684,102961,Soccer,142.40,92.48,0,
3/29/22,10685,102962,Basketball,336.42,217.60,0,
3/29/22,10686,102963,Basketball,310.61,225.08,0,
3/29/22,10687,102964,Football,48.95,19.04,7,1
3/29/22,10688,102965,Football,364.90,244.80,0,
3/30/22,10689,102966,Baseball,302.60,196.52,0,4
3/30/22,10690,102967,Baseball,237.63,144.84,0,
3/30/22,10691,102968,Basketball,291.03,211.48,0,3
3/30/22,10692,102969,Hockey,169.10,98.60,0,4
3/30/22,10693,102970,Hockey,186.01,125.12,0,
3/30/22,10694,102971,Soccer,33.82,2.72,7,
3/30/22,10695,102972,Baseball,362.23,252.28,0,1
3/30/22,10696,102973,Soccer,222.50,162.52,0,
3/30/22,10697,102974,Basketball,123.71,66.64,0,
3/31/22,10698,102975,Soccer,89.89,63.24,0,
3/31/22,10699,102976,Football,161.09,90.44,0,
3/31/22,10700,102977,Basketball,50.73,27.20,0,
3/31/22,10701,102978,Baseball,368.46,265.88,0,
3/31/22,10702,102979,Baseball,170.88,109.48,0,4
3/31/22,10703,102980,Soccer,346.21,221.00,0,
4/1/22,10704,102981,Baseball,321.44,251.00,0,
4/1/22,10705,102982,Basketball,145.60,65.00,0,
4/1/22,10706,102983,Soccer,415.52,324.00,0,
4/1/22,10707,102984,Hockey,89.60,41.00,0,
4/1/22,10708,102985,Basketball,88.48,43.00,0,
4/1/22,10709,102986,Soccer,328.16,272.00,0,
4/1/22,10710,102987,Basketball,228.48,154.00,0,
4/1/22,10711,102988,Basketball,43.68,21.00,7,
4/2/22,10712,102989,Baseball,325.92,238.00,0,4
4/2/22,10713,102990,Basketball,240.80,185.00,0,3
4/2/22,10714,102991,Hockey,276.64,212.00,0,
4/2/22,10715,102992,Football,173.60,132.00,0,
4/2/22,10716,102993,Basketball,29.12,-29.00,7,5
4/2/22,10717,102994,Football,267.68,215.00,0,
4/2/22,10718,102995,Hockey,411.04,351.00,0,1
4/2/22,10719,102996,Baseball,246.40,161.00,0,1
4/3/22,10720,102997,Soccer,72.80,17.00,0,
4/3/22,10721,102998,Baseball,203.84,167.00,0,
4/3/22,10722,102999,Baseball,411.04,328.00,0,
4/3/22,10723,103000,Basketball,232.96,169.00,0,
4/3/22,10724,103001,Football,155.68,128.00,0,5
4/3/22,10725,103002,Football,67.20,0.00,0,
4/3/22,10726,103003,Football,135.52,102.00,0,1
4/3/22,10727,103004,Basketball,82.88,39.00,0,3
4/4/22,10728,103005,Basketball,236.32,164.00,0,
4/4/22,10729,103006,Basketball,165.76,116.00,0,
4/4/22,10730,103007,Baseball,225.12,164.00,0,2
4/4/22,10731,103008,Soccer,246.40,163.00,0,
4/4/22,10732,103009,Hockey,389.76,334.00,0,
4/4/22,10733,103010,Football,372.96,328.00,0,
4/4/22,10734,103011,Hockey,293.44,233.00,0,
4/5/22,10735,103012,Basketball,417.76,331.00,0,
4/5/22,10736,103013,Soccer,70.56,-8.00,0,
4/5/22,10737,103014,Basketball,68.32,48.00,0,
4/5/22,10738,103015,Hockey,51.52,-16.00,0,
4/6/22,10739,103016,Soccer,128.80,89.00,0,
4/6/22,10740,103017,Football,451.36,365.00,0,
4/6/22,10741,103018,Football,226.24,173.00,0,3
4/6/22,10742,103019,Basketball,245.28,153.00,0,
4/6/22,10743,103020,Baseball,32.48,-35.00,7,
4/7/22,10744,103021,Football,258.72,167.00,0,
4/7/22,10745,103022,Soccer,69.44,25.00,0,2
4/7/22,10746,103023,Soccer,248.64,195.00,0,2
4/7/22,10747,103024,Football,120.96,90.00,0,
4/7/22,10748,103025,Soccer,148.96,72.00,0,3
4/8/22,10749,103026,Basketball,191.52,151.00,0,
4/8/22,10750,103027,Basketball,329.28,224.00,0,
4/8/22,10751,103028,Soccer,364.00,291.00,0,
4/8/22,10752,103029,Baseball,328.16,281.00,0,
4/8/22,10753,103030,Soccer,398.72,299.00,0,2
4/8/22,10754,103031,Hockey,340.48,239.00,0,
4/8/22,10755,103032,Soccer,215.04,134.00,0,
4/9/22,10756,103033,Hockey,381.92,283.00,0,
4/9/22,10757,103034,Basketball,295.68,194.00,0,
4/9/22,10758,103035,Basketball,150.08,79.00,0,2
4/9/22,10759,103036,Soccer,278.88,218.00,0,
4/9/22,10760,103037,Baseball,122.08,45.00,0,
4/9/22,10761,103038,Baseball,178.08,151.00,0,
4/9/22,10762,103039,Football,104.16,26.00,0,4
4/9/22,10763,103040,Baseball,342.72,248.00,0,
4/10/22,10764,103041,Hockey,97.44,51.00,0,1
4/10/22,10765,103042,Soccer,314.72,265.00,0,2
4/10/22,10766,103043,Baseball,352.80,296.00,0,3
4/10/22,10767,103044,Soccer,182.56,137.00,0,
4/10/22,10768,103045,Football,395.36,307.00,0,3
4/10/22,10769,103046,Soccer,285.60,225.00,0,5
4/10/22,10770,103047,Basketball,77.28,62.00,0,
4/10/22,10771,103048,Soccer,384.16,273.00,0,
4/11/22,10772,103049,Hockey,453.60,394.00,0,
4/11/22,10773,103050,Baseball,33.60,11.00,7,
4/11/22,10774,103051,Basketball,135.52,79.00,0,5
4/11/22,10775,103052,Basketball,243.04,177.00,0,
4/11/22,10776,103053,Football,431.20,358.00,0,3
4/11/22,10777,103054,Basketball,455.84,337.00,0,
4/11/22,10778,103055,Baseball,458.08,356.00,0,
4/11/22,10779,103056,Baseball,128.80,82.00,0,
4/11/22,10780,103057,Basketball,290.08,254.00,0,
4/11/22,10781,103058,Football,426.72,374.00,0,
4/11/22,10782,103059,Baseball,249.76,153.00,0,3
4/12/22,10783,103060,Basketball,426.72,327.00,0,
4/12/22,10784,103061,Basketball,264.32,166.00,0,
4/12/22,10785,103062,Football,464.80,389.00,0,
4/12/22,10786,103063,Hockey,180.32,90.00,0,
4/12/22,10787,103064,Baseball,302.40,251.00,0,
4/12/22,10788,103065,Football,310.24,259.00,0,
4/12/22,10789,103066,Soccer,412.16,307.00,0,
4/13/22,10790,103067,Baseball,341.60,264.00,0,
4/13/22,10791,103068,Soccer,108.64,52.00,0,
4/13/22,10792,103069,Soccer,172.48,144.00,0,
4/13/22,10793,103070,Basketball,379.68,284.00,0,3
4/13/22,10794,103071,Football,365.12,299.00,0,
4/14/22,10795,103072,Football,461.44,375.00,0,
4/14/22,10796,103073,Basketball,288.96,187.00,0,1
4/14/22,10797,103074,Basketball,378.56,325.00,0,5
4/14/22,10798,103075,Football,146.72,91.00,0,
4/14/22,10799,103076,Basketball,155.68,131.00,0,
4/14/22,10800,103077,Football,235.20,181.00,0,
4/14/22,10801,103078,Baseball,389.76,294.00,0,
4/14/22,10802,103079,Hockey,69.44,49.00,0,
4/14/22,10803,103080,Baseball,107.52,66.00,0,
4/15/22,10804,103081,Basketball,117.60,66.00,0,
4/15/22,10805,103082,Basketball,80.64,47.00,0,
4/15/22,10806,103083,Baseball,451.36,390.00,0,
4/15/22,10807,103084,Football,31.36,-42.00,7,
4/15/22,10808,103085,Soccer,141.12,104.00,0,
4/15/22,10809,103086,Football,425.60,351.00,0,
4/15/22,10810,103087,Baseball,115.36,49.00,0,
4/15/22,10811,103088,Hockey,402.08,320.00,0,3
4/15/22,10812,103089,Baseball,151.20,111.00,0,
4/16/22,10813,103090,Football,56.00,-7.00,0,
4/16/22,10814,103091,Football,350.56,265.00,0,
4/16/22,10815,103092,Baseball,314.72,268.00,0,4
4/16/22,10816,103093,Soccer,444.64,369.00,0,
4/17/22,10817,103094,Baseball,321.44,221.00,0,
4/17/22,10818,103095,Baseball,437.92,352.00,0,
4/17/22,10819,103096,Hockey,346.08,258.00,0,
4/17/22,10820,103097,Baseball,64.96,3.00,0,
4/17/22,10821,103098,Baseball,302.40,246.00,0,5
4/17/22,10822,103099,Baseball,154.56,95.00,0,
4/17/22,10823,103100,Baseball,234.08,198.00,0,5
4/18/22,10824,103101,Football,219.52,163.00,0,
4/18/22,10825,103102,Soccer,38.08,-8.00,7,
4/18/22,10826,103103,Football,126.56,95.00,0,
4/18/22,10827,103104,Baseball,28.00,-4.00,7,1
4/18/22,10828,103105,Hockey,97.44,26.00,0,3
4/18/22,10829,103106,Baseball,124.32,56.00,0,
4/19/22,10830,103107,Basketball,331.52,230.00,0,3
4/19/22,10831,103108,Soccer,378.56,280.00,0,
4/19/22,10832,103109,Football,274.40,207.00,0,2
4/19/22,10833,103110,Football,472.64,387.00,0,
4/19/22,10834,103111,Basketball,371.84,316.00,0,
4/19/22,10835,103112,Football,474.88,380.00,0,4
4/19/22,10836,103113,Hockey,33.60,-31.00,7,
4/19/22,10837,103114,Hockey,415.52,363.00,0,
4/19/22,10838,103115,Soccer,133.28,114.00,0,2
4/20/22,10839,103116,Basketball,405.44,308.00,0,
4/20/22,10840,103117,Basketball,284.48,185.00,0,
4/20/22,10841,103118,Basketball,52.64,-17.00,0,
4/20/22,10842,103119,Baseball,198.24,109.00,0,2
4/20/22,10843,103120,Soccer,231.84,141.00,0,
4/21/22,10844,103121,Hockey,464.80,347.00,0,
4/21/22,10845,103122,Football,213.92,154.00,0,
4/21/22,10846,103123,Soccer,184.80,128.00,0,
4/21/22,10847,103124,Hockey,330.40,288.00,0,
4/21/22,10848,103125,Football,135.52,65.00,0,5
4/21/22,10849,103126,Soccer,156.80,119.00,0,4
4/22/22,10850,103127,Soccer,390.88,287.00,0,
4/22/22,10851,103128,Football,235.20,189.00,0,
4/22/22,10852,103129,Hockey,114.24,55.00,0,
4/22/22,10853,103130,Football,400.96,302.00,0,
4/22/22,10854,103131,Basketball,176.96,142.00,0,
4/22/22,10855,103132,Baseball,437.92,384.00,0,5
4/22/22,10856,103133,Basketball,432.32,354.00,0,
4/22/22,10857,103134,Soccer,221.76,135.00,0,
4/23/22,10858,103135,Baseball,274.40,209.00,0,
4/23/22,10859,103136,Baseball,54.88,8.00,0,
4/23/22,10860,103137,Soccer,339.36,269.00,0,3
4/23/22,10861,103138,Basketball,245.28,160.00,0,
4/23/22,10862,103139,Baseball,236.32,206.00,0,
4/23/22,10863,103140,Hockey,446.88,333.00,0,
4/24/22,10864,103141,Football,413.28,302.00,0,3
4/24/22,10865,103142,Hockey,357.28,304.00,0,
4/24/22,10866,103143,Soccer,288.96,230.00,0,
4/24/22,10867,103144,Soccer,45.92,24.00,7,
4/24/22,10868,103145,Baseball,375.20,274.00,0,
4/24/22,10869,103146,Hockey,336.00,249.00,0,
4/24/22,10870,103147,Baseball,108.64,58.00,0,4
4/24/22,10871,103148,Football,465.92,368.00,0,2
4/25/22,10872,103149,Football,284.48,234.00,0,
4/25/22,10873,103150,Baseball,290.08,237.00,0,
4/25/22,10874,103151,Football,192.64,135.00,0,1
4/25/22,10875,103152,Football,418.88,305.00,0,3
4/25/22,10876,103153,Soccer,113.12,63.00,0,
4/25/22,10877,103154,Baseball,116.48,61.00,0,
4/25/22,10878,103155,Basketball,379.68,330.00,0,5
4/25/22,10879,103156,Soccer,54.88,34.00,0,
4/25/22,10880,103157,Baseball,60.48,4.00,0,3
4/26/22,10881,103158,Soccer,399.84,306.00,0,
4/26/22,10882,103159,Hockey,187.04,156.00,0,1
4/26/22,10883,103160,Soccer,183.68,130.00,0,
4/26/22,10884,103161,Football,117.60,50.00,0,
4/26/22,10885,103162,Baseball,142.24,98.00,0,
4/26/22,10886,103163,Soccer,103.04,75.00,0,4
4/26/22,10887,103164,Soccer,433.44,336.00,0,
4/26/22,10888,103165,Soccer,340.48,276.00,0,
4/26/22,10889,103166,Baseball,274.40,223.00,0,
4/27/22,10890,103167,Hockey,34.72,-24.00,7,
4/27/22,10891,103168,Soccer,397.60,292.00,0,
4/27/22,10892,103169,Basketball,449.12,368.00,0,
4/27/22,10893,103170,Soccer,246.40,177.00,0,
4/27/22,10894,103171,Baseball,300.16,218.00,0,5
4/27/22,10895,103172,Hockey,464.80,373.00,0,
4/27/22,10896,103173,Baseball,72.80,5.00,0,
4/27/22,10897,103174,Football,308.00,258.00,0,
4/28/22,10898,103175,Basketball,463.68,393.00,0,3
4/28/22,10899,103176,Hockey,337.12,233.00,0,
4/28/22,10900,103177,Basketball,25.76,7.00,7,
4/28/22,10901,103178,Basketball,305.76,235.00,0,5
4/28/22,10902,103179,Baseball,181.44,146.00,0,2
4/28/22,10903,103180,Baseball,320.32,223.00,0,3
4/28/22,10904,103181,Football,132.16,105.00,0,4
4/29/22,10905,103182,Soccer,183.68,112.00,0,
4/29/22,10906,103183,Football,387.52,320.00,0,
4/29/22,10907,103184,Hockey,347.20,300.00,0,
4/29/22,10908,103185,Baseball,166.88,87.00,0,1
4/29/22,10909,103186,Hockey,31.36,-18.00,7,
4/29/22,10910,103187,Football,341.60,273.00,0,
4/29/22,10911,103188,Baseball,45.92,-27.00,7,
4/29/22,10912,103189,Hockey,260.96,217.00,0,
4/30/22,10913,103190,Basketball,445.76,393.00,0,3
4/30/22,10914,103191,Soccer,344.96,278.00,0,
4/30/22,10915,103192,Baseball,226.24,179.00,0,
4/30/22,10916,103193,Football,156.80,131.00,0,
4/30/22,10917,103194,Football,163.52,134.00,0,
4/30/22,10918,103195,Baseball,460.32,377.00,0,
4/30/22,10919,103196,Baseball,347.20,279.00,0,
4/30/22,10920,103197,Hockey,252.00,207.00,0,
4/30/22,10921,103198,Soccer,319.20,243.00,0,
4/30/22,10922,103199,Football,461.44,355.00,0,
5/1/22,10923,103200,Soccer,268.26,208.80,0,
5/1/22,10924,103201,Hockey,75.48,53.94,0,
5/1/22,10925,103202,Basketball,308.04,217.50,0,1
5/1/22,10926,103203,Basketball,60.18,18.27,0,
5/1/22,10927,103204,Basketball,276.42,221.85,0,3
5/1/22,10928,103205,Soccer,395.76,305.37,0,
5/2/22,10929,103206,Hockey,29.58,2.61,7,
5/2/22,10930,103207,Baseball,353.94,281.01,0,1
5/2/22,10931,103208,Baseball,131.58,60.90,0,
5/2/22,10932,103209,Basketball,339.66,246.21,0,
5/2/22,10933,103210,Baseball,317.22,255.78,0,2
5/2/22,10934,103211,Hockey,116.28,80.91,0,2
5/2/22,10935,103212,Baseball,25.50,14.79,7,
5/2/22,10936,103213,Basketball,243.78,160.08,0,
5/2/22,10937,103214,Hockey,97.92,75.69,0,3
5/3/22,10938,103215,Basketball,191.76,109.62,0,
5/3/22,10939,103216,Football,168.30,120.06,0,
5/3/22,10940,103217,Soccer,289.68,192.27,0,2
5/3/22,10941,103218,Football,246.84,183.57,0,
5/3/22,10942,103219,Soccer,170.34,107.01,0,
5/3/22,10943,103220,Baseball,422.28,334.08,0,
5/3/22,10944,103221,Football,318.24,264.48,0,
5/3/22,10945,103222,Hockey,190.74,103.53,0,
5/4/22,10946,103223,Basketball,399.84,301.02,0,2
5/4/22,10947,103224,Football,257.04,204.45,0,
5/4/22,10948,103225,Hockey,235.62,193.14,0,
5/4/22,10949,103226,Hockey,62.22,14.79,0,
5/4/22,10950,103227,Basketball,320.28,248.82,0,
5/4/22,10951,103228,Basketball,353.94,240.12,0,
5/5/22,10952,103229,Basketball,51.00,4.35,0,
5/5/22,10953,103230,Baseball,211.14,160.08,0,3
5/5/22,10954,103231,Baseball,294.78,243.60,0,
5/5/22,10955,103232,Soccer,359.04,282.75,0,
5/5/22,10956,103233,Baseball,343.74,287.97,0,
5/5/22,10957,103234,Baseball,229.50,169.65,0,3
5/5/22,10958,103235,Hockey,350.88,266.22,0,
5/5/22,10959,103236,Football,296.82,219.24,0,
5/6/22,10960,103237,Baseball,390.66,302.76,0,5
5/6/22,10961,103238,Football,67.32,16.53,0,
5/6/22,10962,103239,Soccer,97.92,46.11,0,
5/6/22,10963,103240,Soccer,400.86,335.82,0,
5/6/22,10964,103241,Baseball,98.94,70.47,0,1
5/6/22,10965,103242,Baseball,334.56,244.47,0,
5/6/22,10966,103243,Football,413.10,316.68,0,
5/6/22,10967,103244,Baseball,428.40,314.07,0,
5/6/22,10968,103245,Basketball,192.78,124.41,0,
5/6/22,10969,103246,Football,108.12,68.73,0,
5/6/22,10970,103247,Hockey,271.32,185.31,0,
5/7/22,10971,103248,Hockey,417.18,348.00,0,
5/7/22,10972,103249,Football,385.56,269.70,0,2
5/7/22,10973,103250,Baseball,262.14,214.02,0,1
5/7/22,10974,103251,Soccer,35.70,-6.96,7,
5/7/22,10975,103252,Basketball,242.76,202.71,0,
5/7/22,10976,103253,Baseball,299.88,196.62,0,
5/7/22,10977,103254,Hockey,403.92,314.07,0,
5/7/22,10978,103255,Football,170.34,120.93,0,
5/7/22,10979,103256,Hockey,301.92,234.90,0,
5/7/22,10980,103257,Hockey,34.68,-6.09,7,
5/7/22,10981,103258,Basketball,365.16,266.22,0,
5/8/22,10982,103259,Hockey,280.50,183.57,0,
5/8/22,10983,103260,Basketball,177.48,129.63,0,
5/8/22,10984,103261,Soccer,372.30,301.89,0,
5/8/22,10985,103262,Football,83.64,62.64,0,2
5/8/22,10986,103263,Basketball,261.12,165.30,0,
5/8/22,10987,103264,Soccer,312.12,251.43,0,
5/9/22,10988,103265,Soccer,294.78,204.45,0,
5/9/22,10989,103266,Baseball,409.02,306.24,0,3
5/9/22,10990,103267,Basketball,260.10,210.54,0,
5/9/22,10991,103268,Soccer,378.42,276.66,0,
5/9/22,10992,103269,Soccer,103.02,31.32,0,
5/9/22,10993,103270,Hockey,122.40,60.90,0,1
5/9/22,10994,103271,Baseball,199.92,118.32,0,4
5/9/22,10995,103272,Hockey,257.04,179.22,0,
5/9/22,10996,103273,Football,148.92,107.88,0,
5/10/22,10997,103274,Soccer,127.50,60.03,0,
5/10/22,10998,103275,Baseball,71.40,30.45,0,
5/10/22,10999,103276,Soccer,220.32,159.21,0,5
5/10/22,11000,103277,Football,32.64,-29.58,7,
5/10/22,11001,103278,Soccer,215.22,157.47,0,
5/10/22,11002,103279,Football,126.48,50.46,0,
5/10/22,11003,103280,Football,349.86,238.38,0,
5/11/22,11004,103281,Football,311.10,256.65,0,
5/11/22,11005,103282,Soccer,159.12,84.39,0,3
5/11/22,11006,103283,Hockey,333.54,260.13,0,
5/11/22,11007,103284,Baseball,145.86,110.49,0,
5/11/22,11008,103285,Soccer,147.90,67.86,0,
5/11/22,11009,103286,Soccer,390.66,282.75,0,
5/11/22,11010,103287,Basketball,172.38,93.96,0,
5/12/22,11011,103288,Soccer,223.38,176.61,0,
5/12/22,11012,103289,Football,246.84,166.17,0,
5/12/22,11013,103290,Baseball,175.44,100.92,0,
5/12/22,11014,103291,Baseball,245.82,165.30,0,
5/12/22,11015,103292,Baseball,89.76,70.47,0,
5/12/22,11016,103293,Football,366.18,296.67,0,
5/12/22,11017,103294,Hockey,271.32,183.57,0,
5/12/22,11018,103295,Soccer,345.78,258.39,0,
5/13/22,11019,103296,Baseball,118.32,60.03,0,
5/13/22,11020,103297,Soccer,61.20,-8.70,0,
5/13/22,11021,103298,Baseball,231.54,185.31,0,
5/13/22,11022,103299,Soccer,278.46,207.06,0,
5/13/22,11023,103300,Hockey,19.38,-31.32,7,
5/13/22,11024,103301,Hockey,63.24,38.28,0,
5/13/22,11025,103302,Hockey,214.20,127.02,0,
5/13/22,11026,103303,Baseball,161.16,90.48,0,1
5/13/22,11027,103304,Football,108.12,33.06,0,1
5/14/22,11028,103305,Baseball,92.82,47.85,0,
5/14/22,11029,103306,Baseball,289.68,193.14,0,
5/14/22,11030,103307,Basketball,40.80,16.53,7,
5/14/22,11031,103308,Basketball,361.08,256.65,0,
5/14/22,11032,103309,Hockey,124.44,85.26,0,
5/15/22,11033,103310,Hockey,350.88,243.60,0,
5/15/22,11034,103311,Hockey,349.86,293.19,0,
5/16/22,11035,103312,Football,367.20,293.19,0,
5/16/22,11036,103313,Soccer,311.10,257.52,0,
5/16/22,11037,103314,Baseball,402.90,320.16,0,
5/16/22,11038,103315,Football,129.54,93.09,0,
5/16/22,11039,103316,Basketball,181.56,118.32,0,
5/16/22,11040,103317,Baseball,328.44,263.61,0,
5/16/22,11041,103318,Basketball,309.06,247.08,0,
5/16/22,11042,103319,Soccer,49.98,8.70,0,
5/16/22,11043,103320,Football,180.54,133.98,0,
5/17/22,11044,103321,Hockey,27.54,3.48,7,
5/17/22,11045,103322,Baseball,58.14,0.00,0,4
5/17/22,11046,103323,Basketball,351.90,267.09,0,
5/17/22,11047,103324,Hockey,218.28,131.37,0,
5/17/22,11048,103325,Hockey,310.08,251.43,0,
5/18/22,11049,103326,Football,391.68,316.68,0,
5/18/22,11050,103327,Baseball,287.64,206.19,0,
5/18/22,11051,103328,Football,157.08,102.66,0,
5/18/22,11052,103329,Football,221.34,130.50,0,
5/18/22,11053,103330,Soccer,186.66,109.62,0,3
5/18/22,11054,103331,Hockey,36.72,-14.79,7,1
5/18/22,11055,103332,Hockey,129.54,49.59,0,
5/18/22,11056,103333,Baseball,421.26,304.50,0,
5/18/22,11057,103334,Baseball,163.20,122.67,0,
5/18/22,11058,103335,Basketball,299.88,231.42,0,
5/18/22,11059,103336,Football,185.64,112.23,0,
5/18/22,11060,103337,Football,83.64,25.23,0,
5/19/22,11061,103338,Football,333.54,232.29,0,5
5/19/22,11062,103339,Football,65.28,19.14,0,
5/19/22,11063,103340,Football,175.44,105.27,0,1
5/19/22,11064,103341,Basketball,182.58,108.75,0,5
5/19/22,11065,103342,Baseball,412.08,312.33,0,2
5/19/22,11066,103343,Football,233.58,143.55,0,
5/20/22,11067,103344,Baseball,257.04,198.36,0,4
5/20/22,11068,103345,Football,235.62,144.42,0,
5/20/22,11069,103346,Baseball,94.86,69.60,0,
5/20/22,11070,103347,Basketball,123.42,71.34,0,1
5/20/22,11071,103348,Soccer,215.22,123.54,0,4
5/20/22,11072,103349,Football,380.46,314.94,0,2
5/20/22,11073,103350,Basketball,63.24,13.92,0,
5/20/22,11074,103351,Hockey,258.06,183.57,0,
5/21/22,11075,103352,Soccer,242.76,183.57,0,1
5/21/22,11076,103353,Basketball,279.48,221.85,0,
5/21/22,11077,103354,Basketball,411.06,344.52,0,
5/21/22,11078,103355,Soccer,121.38,49.59,0,
5/21/22,11079,103356,Basketball,221.34,144.42,0,
5/21/22,11080,103357,Baseball,79.56,60.03,0,
5/22/22,11081,103358,Soccer,36.72,-26.97,7,1
5/22/22,11082,103359,Soccer,337.62,236.64,0,
5/22/22,11083,103360,Baseball,149.94,115.71,0,
5/22/22,11084,103361,Hockey,42.84,-17.40,7,
5/22/22,11085,103362,Football,372.30,307.11,0,
5/22/22,11086,103363,Basketball,318.24,209.67,0,
5/22/22,11087,103364,Baseball,382.50,316.68,0,
5/22/22,11088,103365,Hockey,188.70,120.93,0,4
5/22/22,11089,103366,Football,28.56,16.53,7,4
5/22/22,11090,103367,Soccer,416.16,295.80,0,3
5/23/22,11091,103368,Soccer,26.52,6.96,7,4
5/23/22,11092,103369,Soccer,241.74,149.64,0,
5/23/22,11093,103370,Football,232.56,193.14,0,
5/23/22,11094,103371,Baseball,198.90,149.64,0,
5/23/22,11095,103372,Hockey,227.46,186.18,0,
5/24/22,11096,103373,Baseball,100.98,35.67,0,1
5/24/22,11097,103374,Hockey,411.06,299.28,0,2
5/24/22,11098,103375,Basketball,76.50,40.89,0,
5/24/22,11099,103376,Soccer,52.02,38.28,0,
5/24/22,11100,103377,Basketball,117.30,63.51,0,
5/24/22,11101,103378,Basketball,297.84,218.37,0,1
5/24/22,11102,103379,Football,362.10,288.84,0,
5/24/22,11103,103380,Basketball,21.42,-2.61,7,
5/24/22,11104,103381,Hockey,78.54,45.24,0,
5/24/22,11105,103382,Baseball,414.12,307.98,0,
5/24/22,11106,103383,Baseball,143.82,73.08,0,
5/25/22,11107,103384,Football,144.84,92.22,0,
5/25/22,11108,103385,Football,424.32,335.82,0,
5/25/22,11109,103386,Hockey,366.18,253.17,0,
5/25/22,11110,103387,Football,232.56,138.33,0,
5/25/22,11111,103388,Baseball,340.68,270.57,0,
5/25/22,11112,103389,Soccer,234.60,160.08,0,
5/25/22,11113,103390,Hockey,431.46,340.17,0,
5/25/22,11114,103391,Soccer,99.96,27.84,0,5
5/25/22,11115,103392,Baseball,268.26,192.27,0,
5/25/22,11116,103393,Baseball,392.70,276.66,0,
5/25/22,11117,103394,Baseball,357.00,272.31,0,
5/25/22,11118,103395,Hockey,197.88,155.73,0,
5/25/22,11119,103396,Soccer,394.74,314.94,0,
5/26/22,11120,103397,Football,320.28,226.20,0,5
5/26/22,11121,103398,Baseball,235.62,170.52,0,
5/26/22,11122,103399,Football,196.86,107.88,0,
5/26/22,11123,103400,Hockey,143.82,87.87,0,
5/27/22,11124,103401,Baseball,166.26,90.48,0,
5/27/22,11125,103402,Baseball,403.92,331.47,0,
5/27/22,11126,103403,Basketball,350.88,266.22,0,2
5/27/22,11127,103404,Football,315.18,211.41,0,
5/27/22,11128,103405,Football,56.10,-13.05,0,
5/27/22,11129,103406,Hockey,326.40,273.18,0,
5/27/22,11130,103407,Soccer,282.54,214.89,0,
5/28/22,11131,103408,Baseball,166.26,118.32,0,2
5/28/22,11132,103409,Hockey,28.56,-33.93,7,3
5/28/22,11133,103410,Soccer,421.26,330.60,0,3
5/28/22,11134,103411,Hockey,121.38,66.99,0,
5/28/22,11135,103412,Basketball,315.18,215.76,0,
5/28/22,11136,103413,Soccer,278.46,212.28,0,
5/28/22,11137,103414,Baseball,60.18,37.41,0,
5/28/22,11138,103415,Football,282.54,187.92,0,
5/28/22,11139,103416,Soccer,373.32,269.70,0,5
5/28/22,11140,103417,Basketball,248.88,175.74,0,
5/28/22,11141,103418,Hockey,96.90,77.43,0,
5/28/22,11142,103419,Basketball,259.08,165.30,0,
5/28/22,11143,103420,Soccer,77.52,57.42,0,
5/29/22,11144,103421,Football,302.94,208.80,0,5
5/29/22,11145,103422,Soccer,393.72,325.38,0,
5/29/22,11146,103423,Soccer,370.26,258.39,0,
5/30/22,11147,103424,Hockey,293.76,233.16,0,
5/30/22,11148,103425,Basketball,118.32,78.30,0,2
5/30/22,11149,103426,Soccer,378.42,269.70,0,
5/30/22,11150,103427,Soccer,81.60,54.81,0,
5/30/22,11151,103428,Hockey,189.72,122.67,0,4
5/30/22,11152,103429,Hockey,261.12,175.74,0,3
5/30/22,11153,103430,Football,149.94,100.92,0,
5/31/22,11154,103431,Football,160.14,114.84,0,
5/31/22,11155,103432,Soccer,56.10,17.40,0,
5/31/22,11156,103433,Football,215.22,161.82,0,
5/31/22,11157,103434,Basketball,143.82,94.83,0,
5/31/22,11158,103435,Baseball,358.02,251.43,0,
5/31/22,11159,103436,Hockey,60.18,37.41,0,
5/31/22,11160,103437,Baseball,287.64,216.63,0,
5/31/22,11161,103438,Hockey,42.84,-20.88,7,5
5/31/22,11162,103439,Soccer,142.80,96.57,0,
5/31/22,11163,103440,Football,388.62,269.70,0,1
6/1/22,11164,103441,Basketball,33.30,23.46,7,
6/1/22,11165,103442,Hockey,105.45,42.84,0,
6/1/22,11166,103443,Football,417.36,335.58,0,
6/1/22,11167,103444,Hockey,164.28,91.80,0,
6/1/22,11168,103445,Football,160.95,111.18,0,
6/1/22,11169,103446,Hockey,284.16,240.72,0,
6/1/22,11170,103447,Soccer,387.39,316.20,0,5
6/2/22,11171,103448,Hockey,54.39,35.70,0,
6/2/22,11172,103449,Baseball,215.34,141.78,0,
6/2/22,11173,103450,Soccer,376.29,322.32,0,5
6/3/22,11174,103451,Basketball,258.63,166.26,0,
6/3/22,11175,103452,Hockey,301.92,253.98,0,
6/3/22,11176,103453,Baseball,81.03,25.50,0,2
6/3/22,11177,103454,Hockey,293.04,226.44,0,
6/3/22,11178,103455,Baseball,117.66,69.36,0,
6/3/22,11179,103456,Football,119.88,62.22,0,
6/3/22,11180,103457,Football,447.33,372.30,0,
6/3/22,11181,103458,Soccer,183.15,131.58,0,
6/3/22,11182,103459,Soccer,333.00,262.14,0,1
6/3/22,11183,103460,Football,368.52,294.78,0,
6/4/22,11184,103461,Baseball,440.67,385.56,0,
6/4/22,11185,103462,Basketball,82.14,31.62,0,
6/4/22,11186,103463,Baseball,217.56,139.74,0,1
6/4/22,11187,103464,Baseball,174.27,137.70,0,
6/4/22,11188,103465,Soccer,435.12,347.82,0,
6/4/22,11189,103466,Basketball,330.78,231.54,0,
6/4/22,11190,103467,Soccer,163.17,140.76,0,
6/4/22,11191,103468,Soccer,460.65,359.04,0,
6/4/22,11192,103469,Hockey,183.15,104.04,0,
6/5/22,11193,103470,Football,255.30,182.58,0,
6/5/22,11194,103471,Baseball,45.51,-11.22,7,5
6/5/22,11195,103472,Soccer,246.42,202.98,0,
6/5/22,11196,103473,Hockey,261.96,205.02,0,
6/5/22,11197,103474,Basketball,364.08,286.62,0,
6/6/22,11198,103475,Basketball,216.45,150.96,0,
6/6/22,11199,103476,Baseball,254.19,227.46,0,4
6/6/22,11200,103477,Hockey,314.13,258.06,0,3
6/6/22,11201,103478,Basketball,58.83,14.28,0,
6/6/22,11202,103479,Football,34.41,0.00,7,
6/6/22,11203,103480,Hockey,333.00,282.54,0,
6/6/22,11204,103481,Soccer,126.54,62.22,0,
6/6/22,11205,103482,Football,420.69,330.48,0,
6/7/22,11206,103483,Soccer,291.93,230.52,0,
6/7/22,11207,103484,Soccer,387.39,339.66,0,
6/7/22,11208,103485,Basketball,174.27,129.54,0,
6/7/22,11209,103486,Baseball,180.93,116.28,0,
6/7/22,11210,103487,Hockey,155.40,89.76,0,4
6/7/22,11211,103488,Baseball,333.00,246.84,0,
6/7/22,11212,103489,Basketball,159.84,84.66,0,4
6/7/22,11213,103490,Hockey,387.39,336.60,0,
6/7/22,11214,103491,Basketball,261.96,230.52,0,2
6/8/22,11215,103492,Soccer,160.95,134.64,0,
6/8/22,11216,103493,Basketball,102.12,26.52,0,
6/8/22,11217,103494,Soccer,27.75,5.10,7,
6/8/22,11218,103495,Soccer,344.10,307.02,0,
6/8/22,11219,103496,Football,425.13,322.32,0,
6/8/22,11220,103497,Football,230.88,182.58,0,1
6/8/22,11221,103498,Basketball,297.48,219.30,0,
6/8/22,11222,103499,Hockey,28.86,-23.46,7,
6/8/22,11223,103500,Hockey,397.38,312.12,0,
6/8/22,11224,103501,Hockey,291.93,208.08,0,
6/8/22,11225,103502,Basketball,32.19,1.02,7,
6/9/22,11226,103503,Hockey,33.30,-14.28,7,
6/9/22,11227,103504,Hockey,194.25,124.44,0,4
6/9/22,11228,103505,Hockey,180.93,155.04,0,
6/9/22,11229,103506,Basketball,230.88,157.08,0,
6/9/22,11230,103507,Football,216.45,165.24,0,
6/9/22,11231,103508,Basketball,120.99,102.00,0,
6/10/22,11232,103509,Baseball,190.92,121.38,0,4
6/10/22,11233,103510,Soccer,284.16,192.78,0,1
6/10/22,11234,103511,Baseball,399.60,309.06,0,
6/10/22,11235,103512,Football,321.90,288.66,0,5
6/11/22,11236,103513,Football,176.49,106.08,0,
6/11/22,11237,103514,Hockey,261.96,214.20,0,
6/11/22,11238,103515,Soccer,237.54,178.50,0,
6/11/22,11239,103516,Football,193.14,124.44,0,
6/11/22,11240,103517,Soccer,197.58,133.62,0,
6/11/22,11241,103518,Hockey,404.04,345.78,0,
6/11/22,11242,103519,Soccer,382.95,284.58,0,
6/11/22,11243,103520,Football,426.24,375.36,0,
6/12/22,11244,103521,Soccer,49.95,5.10,0,
6/12/22,11245,103522,Basketball,281.94,198.90,0,
6/12/22,11246,103523,Hockey,437.34,348.84,0,
6/12/22,11247,103524,Baseball,86.58,25.50,0,5
6/12/22,11248,103525,Baseball,309.69,266.22,0,2
6/12/22,11249,103526,Baseball,303.03,250.92,0,2
6/12/22,11250,103527,Soccer,220.89,174.42,0,4
6/12/22,11251,103528,Soccer,246.42,185.64,0,
6/12/22,11252,103529,Basketball,230.88,158.10,0,
6/12/22,11253,103530,Soccer,41.07,28.56,7,
6/12/22,11254,103531,Hockey,222.00,191.76,0,
6/12/22,11255,103532,Soccer,240.87,175.44,0,4
6/12/22,11256,103533,Baseball,417.36,315.18,0,3
6/13/22,11257,103534,Baseball,189.81,128.52,0,
6/13/22,11258,103535,Baseball,184.26,156.06,0,
6/13/22,11259,103536,Basketball,233.10,141.78,0,
6/13/22,11260,103537,Basketball,228.66,195.84,0,3
6/13/22,11261,103538,Soccer,339.66,269.28,0,
6/13/22,11262,103539,Hockey,442.89,354.96,0,
6/13/22,11263,103540,Football,34.41,-2.04,7,
6/13/22,11264,103541,Football,264.18,207.06,0,1
6/13/22,11265,103542,Baseball,163.17,136.68,0,
6/13/22,11266,103543,Football,371.85,283.56,0,
6/13/22,11267,103544,Soccer,397.38,297.84,0,
6/14/22,11268,103545,Football,182.04,119.34,0,
6/14/22,11269,103546,Basketball,95.46,31.62,0,
6/14/22,11270,103547,Football,391.83,340.68,0,
6/14/22,11271,103548,Football,421.80,360.06,0,
6/14/22,11272,103549,Soccer,398.49,357.00,0,5
6/14/22,11273,103550,Baseball,227.55,192.78,0,
6/15/22,11274,103551,Soccer,284.16,253.98,0,5
6/15/22,11275,103552,Baseball,26.64,-33.66,7,
6/15/22,11276,103553,Hockey,316.35,249.90,0,
6/16/22,11277,103554,Baseball,358.53,290.70,0,
6/16/22,11278,103555,Hockey,124.32,47.94,0,
6/16/22,11279,103556,Hockey,152.07,81.60,0,4
6/16/22,11280,103557,Hockey,103.23,52.02,0,5
6/16/22,11281,103558,Soccer,387.39,349.86,0,
6/16/22,11282,103559,Hockey,197.58,113.22,0,3
6/16/22,11283,103560,Hockey,42.18,-31.62,7,
6/16/22,11284,103561,Hockey,441.78,378.42,0,
6/16/22,11285,103562,Football,291.93,249.90,0,
6/16/22,11286,103563,Soccer,61.05,45.90,0,1
6/16/22,11287,103564,Football,245.31,167.28,0,
6/16/22,11288,103565,Baseball,164.28,91.80,0,
6/17/22,11289,103566,Soccer,81.03,23.46,0,
6/17/22,11290,103567,Basketball,152.07,91.80,0,
6/17/22,11291,103568,Hockey,458.43,399.84,0,
6/17/22,11292,103569,Baseball,425.13,372.30,0,
6/17/22,11293,103570,Hockey,38.85,10.20,7,3
6/17/22,11294,103571,Soccer,254.19,207.06,0,
6/17/22,11295,103572,Hockey,455.10,411.06,0,
6/17/22,11296,103573,Football,388.50,312.12,0,
6/17/22,11297,103574,Hockey,447.33,346.80,0,4
6/17/22,11298,103575,Baseball,128.76,65.28,0,
6/18/22,11299,103576,Soccer,372.96,276.42,0,
6/18/22,11300,103577,Basketball,377.40,340.68,0,3
6/18/22,11301,103578,Baseball,222.00,192.78,0,
6/18/22,11302,103579,Basketball,43.29,25.50,7,
6/18/22,11303,103580,Baseball,389.61,349.86,0,
6/18/22,11304,103581,Soccer,388.50,343.74,0,3
6/18/22,11305,103582,Hockey,346.32,252.96,0,3
6/18/22,11306,103583,Hockey,168.72,87.72,0,
6/18/22,11307,103584,Baseball,359.64,291.72,0,
6/18/22,11308,103585,Football,362.97,261.12,0,
6/19/22,11309,103586,Basketball,152.07,69.36,0,
6/19/22,11310,103587,Basketball,259.74,226.44,0,
6/19/22,11311,103588,Basketball,32.19,7.14,7,
6/19/22,11312,103589,Basketball,98.79,46.92,0,
6/19/22,11313,103590,Hockey,207.57,172.38,0,
6/19/22,11314,103591,Football,183.15,123.42,0,
6/19/22,11315,103592,Hockey,66.60,1.02,0,
6/19/22,11316,103593,Hockey,417.36,360.06,0,
6/20/22,11317,103594,Football,31.08,-17.34,7,
6/20/22,11318,103595,Football,384.06,284.58,0,4
6/20/22,11319,103596,Basketball,399.60,301.92,0,
6/20/22,11320,103597,Football,204.24,131.58,0,
6/20/22,11321,103598,Basketball,359.64,280.50,0,3
6/20/22,11322,103599,Baseball,224.22,189.72,0,
6/20/22,11323,103600,Hockey,123.21,71.40,0,
6/20/22,11324,103601,Baseball,434.01,334.56,0,
6/21/22,11325,103602,Soccer,450.66,350.88,0,
6/21/22,11326,103603,Baseball,238.65,150.96,0,
6/21/22,11327,103604,Hockey,225.33,193.80,0,1
6/21/22,11328,103605,Baseball,46.62,20.40,7,5
6/21/22,11329,103606,Hockey,23.31,-45.90,7,3
6/21/22,11330,103607,Hockey,294.15,216.24,0,1
6/22/22,11331,103608,Football,468.42,391.68,0,
6/22/22,11332,103609,Soccer,38.85,-28.56,7,4
6/22/22,11333,103610,Basketball,186.48,159.12,0,
6/22/22,11334,103611,Football,189.81,107.10,0,2
6/22/22,11335,103612,Basketball,414.03,321.30,0,
6/22/22,11336,103613,Football,203.13,173.40,0,
6/22/22,11337,103614,Basketball,67.71,34.68,0,
6/23/22,11338,103615,Basketball,250.86,219.30,0,2
6/23/22,11339,103616,Baseball,398.49,311.10,0,
6/23/22,11340,103617,Basketball,46.62,-20.40,7,2
6/23/22,11341,103618,Hockey,229.77,182.58,0,
6/23/22,11342,103619,Football,235.32,185.64,0,
6/23/22,11343,103620,Baseball,237.54,173.40,0,
6/24/22,11344,103621,Hockey,315.24,221.34,0,2
6/24/22,11345,103622,Hockey,168.72,118.32,0,2
6/24/22,11346,103623,Soccer,434.01,371.28,0,
6/24/22,11347,103624,Basketball,321.90,251.94,0,
6/24/22,11348,103625,Football,422.91,325.38,0,
6/24/22,11349,103626,Soccer,417.36,338.64,0,3
6/24/22,11350,103627,Football,244.20,181.56,0,
6/24/22,11351,103628,Football,396.27,325.38,0,
6/25/22,11352,103629,Hockey,460.65,409.02,0,
6/25/22,11353,103630,Basketball,450.66,348.84,0,
6/25/22,11354,103631,Soccer,220.89,166.26,0,
6/25/22,11355,103632,Basketball,366.30,292.74,0,
6/25/22,11356,103633,Hockey,193.14,147.90,0,
6/25/22,11357,103634,Hockey,422.91,380.46,0,
6/25/22,11358,103635,Baseball,174.27,98.94,0,5
6/26/22,11359,103636,Football,273.06,237.66,0,4
6/26/22,11360,103637,Baseball,63.27,-7.14,0,
6/26/22,11361,103638,Basketball,280.83,250.92,0,3
6/26/22,11362,103639,Basketball,308.58,230.52,0,
6/26/22,11363,103640,Basketball,128.76,111.18,0,1
6/27/22,11364,103641,Basketball,289.71,241.74,0,4
6/27/22,11365,103642,Basketball,281.94,241.74,0,
6/27/22,11366,103643,Basketball,67.71,41.82,0,
6/27/22,11367,103644,Hockey,253.08,162.18,0,
6/27/22,11368,103645,Football,135.42,82.62,0,5
6/27/22,11369,103646,Hockey,463.98,402.90,0,3
6/27/22,11370,103647,Soccer,278.61,202.98,0,
6/28/22,11371,103648,Basketball,334.11,284.58,0,3
6/28/22,11372,103649,Football,133.20,75.48,0,
6/28/22,11373,103650,Baseball,234.21,159.12,0,
6/28/22,11374,103651,Baseball,190.92,137.70,0,1
6/29/22,11375,103652,Soccer,255.30,175.44,0,
6/29/22,11376,103653,Soccer,361.86,264.18,0,
6/29/22,11377,103654,Soccer,384.06,327.42,0,
6/29/22,11378,103655,Basketball,206.46,155.04,0,
6/29/22,11379,103656,Soccer,107.67,92.82,0,
6/30/22,11380,103657,Baseball,458.43,386.58,0,
6/30/22,11381,103658,Football,267.51,215.22,0,5
6/30/22,11382,103659,Football,470.64,397.80,0,5
6/30/22,11383,103660,Basketball,152.07,80.58,0,2
6/30/22,11384,103661,Soccer,223.11,149.94,0,2
6/30/22,11385,103662,Soccer,174.27,107.10,0,
6/30/22,11386,103663,Hockey,323.01,231.54,0,
6/30/22,11387,103664,Basketball,310.80,232.56,0,
6/30/22,11388,103665,Basketball,203.13,146.88,0,
7/1/22,11389,103666,Soccer,218.40,158.90,0,
7/1/22,11390,103667,Hockey,217.49,118.30,0,
7/1/22,11391,103668,Hockey,187.46,94.50,0,5
7/1/22,11392,103669,Basketball,309.40,202.30,0,3
7/1/22,11393,103670,Baseball,101.01,63.00,0,
7/2/22,11394,103671,Soccer,50.96,17.50,0,
7/2/22,11395,103672,Basketball,95.55,62.30,0,
7/2/22,11396,103673,Football,196.56,124.60,0,
7/2/22,11397,103674,Basketball,380.38,271.60,0,
7/2/22,11398,103675,Baseball,75.53,13.30,0,
7/2/22,11399,103676,Hockey,303.03,217.70,0,
7/2/22,11400,103677,Basketball,177.45,106.40,0,3
7/2/22,11401,103678,Football,350.35,260.40,0,
7/2/22,11402,103679,Football,156.52,84.70,0,
7/2/22,11403,103680,Football,163.80,107.10,0,
7/2/22,11404,103681,Baseball,141.96,82.60,0,
7/2/22,11405,103682,Soccer,152.88,76.30,0,
7/3/22,11406,103683,Soccer,222.95,168.00,0,
7/3/22,11407,103684,Baseball,322.14,201.60,0,
7/3/22,11408,103685,Soccer,164.71,79.10,0,
7/3/22,11409,103686,Soccer,26.39,-3.50,7,1
7/3/22,11410,103687,Basketball,101.92,41.30,0,2
7/3/22,11411,103688,Baseball,323.96,200.90,0,
7/3/22,11412,103689,Basketball,241.15,149.80,0,
7/3/22,11413,103690,Hockey,171.99,120.40,0,
7/3/22,11414,103691,Soccer,113.75,44.10,0,5
7/4/22,11415,103692,Football,370.37,256.20,0,
7/4/22,11416,103693,Baseball,136.50,84.00,0,
7/4/22,11417,103694,Basketball,117.39,66.50,0,
7/4/22,11418,103695,Football,157.43,80.50,0,
7/4/22,11419,103696,Baseball,18.20,2.10,7,5
7/4/22,11420,103697,Hockey,108.29,34.30,0,
7/4/22,11421,103698,Basketball,149.24,86.80,0,
7/4/22,11422,103699,Soccer,177.45,109.90,0,
7/5/22,11423,103700,Soccer,86.45,28.70,0,
7/5/22,11424,103701,Basketball,142.87,83.30,0,
7/5/22,11425,103702,Basketball,89.18,46.90,0,
7/5/22,11426,103703,Baseball,240.24,145.60,0,2
7/5/22,11427,103704,Baseball,168.35,90.30,0,2
7/6/22,11428,103705,Hockey,18.20,4.90,7,
7/6/22,11429,103706,Football,230.23,140.00,0,
7/6/22,11430,103707,Soccer,336.70,240.80,0,2
7/6/22,11431,103708,Baseball,119.21,51.80,0,
7/6/22,11432,103709,Hockey,221.13,121.80,0,
7/6/22,11433,103710,Hockey,42.77,23.80,7,5
7/6/22,11434,103711,Basketball,349.44,254.80,0,3
7/6/22,11435,103712,Baseball,336.70,254.80,0,5
7/7/22,11436,103713,Hockey,64.61,13.30,0,
7/7/22,11437,103714,Basketball,89.18,40.60,0,
7/7/22,11438,103715,Football,367.64,235.20,0,
7/7/22,11439,103716,Basketball,114.66,57.40,0,
7/7/22,11440,103717,Baseball,87.36,44.80,0,1
7/7/22,11441,103718,Football,348.53,240.80,0,
7/7/22,11442,103719,Baseball,125.58,47.60,0,
7/7/22,11443,103720,Hockey,371.28,280.70,0,4
7/8/22,11444,103721,Baseball,62.79,4.20,0,
7/8/22,11445,103722,Football,152.88,80.50,0,
7/8/22,11446,103723,Hockey,296.66,200.20,0,2
7/8/22,11447,103724,Basketball,77.35,44.10,0,
7/8/22,11448,103725,Baseball,354.90,225.40,0,
7/8/22,11449,103726,Baseball,381.29,263.20,0,
7/8/22,11450,103727,Football,384.93,287.00,0,
7/8/22,11451,103728,Baseball,353.08,240.10,0,
7/8/22,11452,103729,Hockey,187.46,108.50,0,4
7/8/22,11453,103730,Football,139.23,61.60,0,
7/8/22,11454,103731,Soccer,202.02,144.20,0,
7/8/22,11455,103732,Baseball,238.42,173.60,0,
7/9/22,11456,103733,Basketball,320.32,214.20,0,4
7/9/22,11457,103734,Hockey,322.14,200.90,0,
7/9/22,11458,103735,Hockey,320.32,212.10,0,
7/9/22,11459,103736,Hockey,121.03,48.30,0,
7/9/22,11460,103737,Football,253.89,156.10,0,
7/9/22,11461,103738,Football,216.58,127.40,0,3
7/9/22,11462,103739,Baseball,384.93,283.50,0,
7/9/22,11463,103740,Hockey,216.58,146.30,0,4
7/9/22,11464,103741,Basketball,62.79,44.10,0,
7/9/22,11465,103742,Soccer,53.69,6.30,0,
7/9/22,11466,103743,Basketball,73.71,31.50,0,1
7/10/22,11467,103744,Soccer,139.23,62.30,0,
7/10/22,11468,103745,Football,24.57,11.20,7,
7/10/22,11469,103746,Hockey,166.53,104.30,0,
7/10/22,11470,103747,Basketball,366.73,263.20,0,
7/10/22,11471,103748,Basketball,199.29,149.10,0,
7/10/22,11472,103749,Baseball,247.52,145.60,0,
7/10/22,11473,103750,Baseball,59.15,41.30,0,2
7/11/22,11474,103751,Basketball,321.23,205.10,0,
7/11/22,11475,103752,Hockey,365.82,277.20,0,
7/11/22,11476,103753,Football,109.20,54.60,0,2
7/11/22,11477,103754,Hockey,189.28,100.80,0,
7/11/22,11478,103755,Football,63.70,31.50,0,
7/11/22,11479,103756,Football,297.57,192.50,0,
7/11/22,11480,103757,Football,142.87,82.60,0,
7/11/22,11481,103758,Football,376.74,273.70,0,3
7/11/22,11482,103759,Football,269.36,193.90,0,
7/12/22,11483,103760,Basketball,174.72,101.50,0,
7/12/22,11484,103761,Baseball,124.67,64.40,0,5
7/12/22,11485,103762,Basketball,28.21,4.90,7,
7/12/22,11486,103763,Hockey,320.32,228.20,0,
7/12/22,11487,103764,Hockey,242.97,144.20,0,
7/12/22,11488,103765,Baseball,383.11,282.10,0,1
7/13/22,11489,103766,Hockey,108.29,37.10,0,
7/13/22,11490,103767,Baseball,307.58,199.50,0,4
7/13/22,11491,103768,Hockey,241.15,178.50,0,
7/13/22,11492,103769,Football,136.50,68.60,0,
7/13/22,11493,103770,Baseball,231.14,154.00,0,
7/13/22,11494,103771,Baseball,37.31,8.40,7,
7/13/22,11495,103772,Football,212.03,155.40,0,
7/14/22,11496,103773,Soccer,86.45,18.90,0,
7/14/22,11497,103774,Football,21.84,-28.00,7,
7/14/22,11498,103775,Basketball,167.44,105.00,0,5
7/14/22,11499,103776,Baseball,23.66,-20.30,7,1
7/15/22,11500,103777,Hockey,21.84,-30.10,7,
7/15/22,11501,103778,Football,202.93,151.90,0,
7/15/22,11502,103779,Soccer,202.93,138.60,0,4
7/15/22,11503,103780,Football,318.50,238.70,0,
7/15/22,11504,103781,Soccer,200.20,130.20,0,
7/15/22,11505,103782,Soccer,194.74,125.30,0,
7/15/22,11506,103783,Hockey,140.14,73.50,0,5
7/15/22,11507,103784,Soccer,70.07,42.70,0,
7/15/22,11508,103785,Soccer,371.28,257.60,0,
7/15/22,11509,103786,Basketball,369.46,252.00,0,
7/16/22,11510,103787,Baseball,59.15,28.00,0,
7/16/22,11511,103788,Football,116.48,60.20,0,
7/16/22,11512,103789,Hockey,300.30,189.70,0,
7/16/22,11513,103790,Basketball,237.51,175.00,0,
7/16/22,11514,103791,Soccer,77.35,16.80,0,1
7/16/22,11515,103792,Basketball,364.00,273.70,0,
7/16/22,11516,103793,Hockey,133.77,71.40,0,
7/16/22,11517,103794,Soccer,341.25,226.10,0,
7/17/22,11518,103795,Football,313.95,196.00,0,
7/17/22,11519,103796,Basketball,272.09,182.70,0,
7/17/22,11520,103797,Soccer,147.42,80.50,0,
7/17/22,11521,103798,Football,133.77,84.70,0,4
7/17/22,11522,103799,Football,222.04,147.00,0,
7/17/22,11523,103800,Football,68.25,3.50,0,
7/17/22,11524,103801,Soccer,331.24,205.10,0,
7/18/22,11525,103802,Basketball,209.30,155.40,0,4
7/18/22,11526,103803,Baseball,313.95,192.50,0,
7/18/22,11527,103804,Hockey,178.36,122.50,0,
7/18/22,11528,103805,Soccer,74.62,35.00,0,
7/18/22,11529,103806,Football,194.74,126.00,0,
7/18/22,11530,103807,Basketball,241.15,170.10,0,2
7/19/22,11531,103808,Hockey,58.24,0.00,0,1
7/19/22,11532,103809,Soccer,380.38,288.40,0,
7/19/22,11533,103810,Hockey,370.37,269.50,0,
7/19/22,11534,103811,Soccer,192.92,133.00,0,
7/19/22,11535,103812,Soccer,123.76,62.30,0,
7/20/22,11536,103813,Football,233.87,163.80,0,
7/20/22,11537,103814,Soccer,184.73,108.50,0,
7/20/22,11538,103815,Football,347.62,219.10,0,
7/21/22,11539,103816,Basketball,82.81,16.80,0,
7/21/22,11540,103817,Basketball,221.13,125.30,0,
7/21/22,11541,103818,Basketball,182.00,128.10,0,
7/21/22,11542,103819,Hockey,277.55,205.10,0,
7/21/22,11543,103820,Basketball,133.77,81.20,0,
7/21/22,11544,103821,Football,345.80,221.90,0,
7/21/22,11545,103822,Baseball,373.10,241.50,0,3
7/22/22,11546,103823,Football,309.40,207.90,0,
7/22/22,11547,103824,Hockey,283.01,168.00,0,
7/22/22,11548,103825,Soccer,141.96,70.70,0,
7/22/22,11549,103826,Basketball,263.90,160.30,0,
7/22/22,11550,103827,Soccer,75.53,13.30,0,
7/22/22,11551,103828,Basketball,228.41,151.20,0,2
7/22/22,11552,103829,Football,182.00,119.00,0,
7/22/22,11553,103830,Soccer,312.13,210.00,0,
7/22/22,11554,103831,Basketball,48.23,6.30,7,
7/23/22,11555,103832,Football,199.29,147.70,0,
7/23/22,11556,103833,Baseball,240.24,151.20,0,
7/23/22,11557,103834,Hockey,68.25,17.50,0,
7/23/22,11558,103835,Soccer,40.04,-17.50,7,
7/23/22,11559,103836,Soccer,290.29,209.30,0,
7/23/22,11560,103837,Basketball,365.82,264.60,0,
7/23/22,11561,103838,Football,137.41,67.90,0,
7/23/22,11562,103839,Hockey,47.32,5.60,7,
7/24/22,11563,103840,Hockey,364.00,259.70,0,5
7/24/22,11564,103841,Football,93.73,66.50,0,
7/24/22,11565,103842,Basketball,142.87,81.20,0,
7/24/22,11566,103843,Football,103.74,59.50,0,
7/24/22,11567,103844,Hockey,44.59,15.40,7,
7/24/22,11568,103845,Basketball,231.14,147.70,0,
7/24/22,11569,103846,Soccer,372.19,258.30,0,4
7/24/22,11570,103847,Hockey,252.07,157.50,0,5
7/24/22,11571,103848,Baseball,178.36,95.20,0,
7/25/22,11572,103849,Baseball,383.11,268.10,0,2
7/25/22,11573,103850,Soccer,167.44,97.30,0,
7/25/22,11574,103851,Basketball,221.13,148.40,0,
7/25/22,11575,103852,Soccer,126.49,53.20,0,
7/25/22,11576,103853,Soccer,270.27,158.90,0,5
7/25/22,11577,103854,Football,34.58,16.10,7,4
7/25/22,11578,103855,Basketball,332.15,235.90,0,
7/25/22,11579,103856,Soccer,301.21,213.50,0,
7/25/22,11580,103857,Soccer,216.58,128.80,0,2
7/25/22,11581,103858,Basketball,151.06,109.20,0,
7/25/22,11582,103859,Baseball,60.97,4.90,0,
7/25/22,11583,103860,Football,109.20,65.10,0,3
7/26/22,11584,103861,Basketball,165.62,82.60,0,
7/26/22,11585,103862,Basketball,313.04,222.60,0,
7/26/22,11586,103863,Baseball,153.79,74.20,0,
7/26/22,11587,103864,Baseball,120.12,56.70,0,
7/26/22,11588,103865,Soccer,206.57,142.80,0,
7/26/22,11589,103866,Hockey,113.75,52.50,0,
7/27/22,11590,103867,Hockey,286.65,186.20,0,
7/27/22,11591,103868,Soccer,192.92,142.10,0,
7/27/22,11592,103869,Hockey,138.32,65.10,0,5
7/27/22,11593,103870,Hockey,117.39,79.10,0,5
7/27/22,11594,103871,Football,194.74,130.90,0,5
7/27/22,11595,103872,Hockey,179.27,107.10,0,2
7/27/22,11596,103873,Hockey,60.97,36.40,0,
7/27/22,11597,103874,Soccer,293.93,184.80,0,4
7/27/22,11598,103875,Soccer,198.38,135.80,0,
7/28/22,11599,103876,Football,35.49,5.60,7,
7/28/22,11600,103877,Basketball,109.20,51.80,0,
7/28/22,11601,103878,Football,187.46,95.20,0,
7/28/22,11602,103879,Football,203.84,140.70,0,
7/28/22,11603,103880,Basketball,330.33,220.50,0,
7/28/22,11604,103881,Soccer,192.92,116.90,0,
7/28/22,11605,103882,Soccer,334.88,242.20,0,
7/28/22,11606,103883,Baseball,252.07,161.00,0,
7/28/22,11607,103884,Football,122.85,83.30,0,5
7/28/22,11608,103885,Basketball,158.34,79.10,0,
7/29/22,11609,103886,Football,40.04,11.90,7,1
7/29/22,11610,103887,Soccer,72.80,41.30,0,
7/29/22,11611,103888,Baseball,344.89,239.40,0,
7/29/22,11612,103889,Basketball,342.16,231.70,0,
7/29/22,11613,103890,Soccer,54.60,3.50,0,
7/29/22,11614,103891,Basketball,354.90,235.20,0,
7/29/22,11615,103892,Hockey,91.00,57.40,0,4
7/29/22,11616,103893,Soccer,290.29,179.20,0,
7/29/22,11617,103894,Soccer,185.64,118.30,0,
7/29/22,11618,103895,Hockey,313.95,201.60,0,
7/29/22,11619,103896,Basketball,199.29,128.80,0,
7/30/22,11620,103897,Soccer,114.66,49.70,0,
7/30/22,11621,103898,Soccer,55.51,16.80,0,
7/30/22,11622,103899,Hockey,50.05,0.70,0,
7/30/22,11623,103900,Football,316.68,201.60,0,
7/30/22,11624,103901,Baseball,223.86,131.60,0,
7/30/22,11625,103902,Football,359.45,238.70,0,
7/30/22,11626,103903,Basketball,372.19,256.90,0,
7/30/22,11627,103904,Baseball,329.42,238.70,0,
7/30/22,11628,103905,Basketball,147.42,73.50,0,
7/30/22,11629,103906,Soccer,182.00,94.50,0,
7/30/22,11630,103907,Soccer,171.99,121.10,0,
7/30/22,11631,103908,Hockey,264.81,164.50,0,
7/30/22,11632,103909,Soccer,343.07,252.70,0,
7/30/22,11633,103910,Hockey,109.20,34.30,0,
7/31/22,11634,103911,Soccer,112.84,69.30,0,
7/31/22,11635,103912,Football,344.89,220.50,0,2
7/31/22,11636,103913,Hockey,121.03,54.60,0,1
7/31/22,11637,103914,Baseball,151.97,69.30,0,4
7/31/22,11638,103915,Soccer,78.26,46.90,0,
7/31/22,11639,103916,Basketball,101.92,39.20,0,4
7/31/22,11640,103917,Hockey,282.10,212.10,0,
7/31/22,11641,103918,Football,49.14,1.40,0,2
7/31/22,11642,103919,Hockey,318.50,212.10,0,
8/1/22,11643,103920,Football,367.84,256.61,0,
8/1/22,11644,103921,Football,274.56,174.20,0,
8/1/22,11645,103922,Hockey,192.72,116.58,0,3
8/1/22,11646,103923,Football,191.84,134.00,0,
8/1/22,11647,103924,Football,329.12,213.73,0,
8/2/22,11648,103925,Basketball,168.96,89.11,0,
8/2/22,11649,103926,Football,325.60,226.46,0,2
8/2/22,11650,103927,Basketball,312.40,202.34,0,
8/2/22,11651,103928,Hockey,72.16,22.11,0,
8/2/22,11652,103929,Baseball,283.36,199.66,0,
8/2/22,11653,103930,Hockey,325.60,211.72,0,
8/2/22,11654,103931,Football,132.88,83.08,0,
8/3/22,11655,103932,Football,305.36,204.35,0,1
8/3/22,11656,103933,Baseball,99.44,61.64,0,
8/3/22,11657,103934,Hockey,34.32,-18.09,7,
8/3/22,11658,103935,Football,245.52,152.09,0,
8/4/22,11659,103936,Hockey,248.16,167.50,0,5
8/4/22,11660,103937,Basketball,369.60,245.89,0,2
8/4/22,11661,103938,Soccer,289.52,208.37,0,1
8/4/22,11662,103939,Baseball,371.36,242.54,0,
8/4/22,11663,103940,Football,38.72,3.35,7,
8/4/22,11664,103941,Football,356.40,262.64,0,4
8/4/22,11665,103942,Football,23.76,12.06,7,
8/5/22,11666,103943,Soccer,278.96,206.36,0,3
8/5/22,11667,103944,Basketball,316.80,219.76,0,
8/5/22,11668,103945,Soccer,318.56,198.99,0,
8/5/22,11669,103946,Soccer,91.52,23.45,0,5
8/5/22,11670,103947,Hockey,284.24,182.91,0,
8/5/22,11671,103948,Football,134.64,85.76,0,
8/5/22,11672,103949,Baseball,165.44,93.13,0,
8/5/22,11673,103950,Baseball,348.48,251.92,0,
8/5/22,11674,103951,Baseball,149.60,93.13,0,
8/5/22,11675,103952,Hockey,258.72,152.09,0,
8/6/22,11676,103953,Football,284.24,172.86,0,5
8/6/22,11677,103954,Soccer,65.12,18.76,0,1
8/6/22,11678,103955,Baseball,194.48,115.24,0,
8/6/22,11679,103956,Baseball,167.20,86.43,0,
8/6/22,11680,103957,Hockey,79.20,26.80,0,
8/7/22,11681,103958,Soccer,112.64,51.59,0,
8/7/22,11682,103959,Baseball,303.60,209.04,0,
8/7/22,11683,103960,Basketball,86.24,52.93,0,
8/7/22,11684,103961,Hockey,292.16,185.59,0,
8/7/22,11685,103962,Baseball,214.72,136.68,0,
8/7/22,11686,103963,Football,130.24,72.36,0,4
8/7/22,11687,103964,Basketball,191.84,128.64,0,4
8/7/22,11688,103965,Baseball,154.88,110.55,0,
8/7/22,11689,103966,Soccer,29.04,-14.74,7,
8/7/22,11690,103967,Baseball,117.04,83.75,0,
8/7/22,11691,103968,Baseball,300.08,187.60,0,
8/7/22,11692,103969,Basketball,49.28,11.39,0,2
8/7/22,11693,103970,Basketball,110.88,59.63,0,
8/7/22,11694,103971,Basketball,224.40,154.77,0,
8/7/22,11695,103972,Hockey,155.76,93.80,0,
8/7/22,11696,103973,Basketball,31.68,7.37,7,
8/8/22,11697,103974,Baseball,256.96,152.09,0,
8/8/22,11698,103975,Baseball,140.80,62.98,0,
8/8/22,11699,103976,Soccer,128.48,78.39,0,
8/8/22,11700,103977,Baseball,50.16,-5.36,0,
8/8/22,11701,103978,Baseball,340.56,229.81,0,
8/8/22,11702,103979,Football,302.72,215.07,0,
8/8/22,11703,103980,Football,284.24,176.21,0,
8/8/22,11704,103981,Baseball,351.12,249.91,0,
8/8/22,11705,103982,Football,105.60,40.87,0,2
8/8/22,11706,103983,Football,36.96,-2.01,7,
8/8/22,11707,103984,Football,51.92,-4.02,0,4
8/8/22,11708,103985,Football,52.80,36.18,0,
8/8/22,11709,103986,Baseball,161.04,77.05,0,3
8/9/22,11710,103987,Hockey,194.48,139.36,0,
8/9/22,11711,103988,Football,256.08,179.56,0,2
8/9/22,11712,103989,Football,373.12,237.85,0,
8/9/22,11713,103990,Hockey,191.84,113.23,0,
8/9/22,11714,103991,Football,63.36,20.77,0,1
8/9/22,11715,103992,Baseball,227.04,144.72,0,1
8/9/22,11716,103993,Basketball,26.40,12.73,7,
8/9/22,11717,103994,Basketball,51.92,34.84,0,
8/9/22,11718,103995,Soccer,262.24,154.10,0,1
8/10/22,11719,103996,Basketball,63.36,21.44,0,
8/10/22,11720,103997,Football,335.28,235.17,0,
8/10/22,11721,103998,Basketball,250.80,181.57,0,
8/10/22,11722,103999,Soccer,100.32,56.28,0,
8/10/22,11723,104000,Baseball,60.72,14.74,0,3
8/10/22,11724,104001,Baseball,186.56,94.47,0,3
8/10/22,11725,104002,Hockey,65.12,42.21,0,
8/10/22,11726,104003,Football,306.24,209.04,0,
8/11/22,11727,104004,Baseball,179.52,125.96,0,
8/11/22,11728,104005,Football,31.68,-6.70,7,
8/11/22,11729,104006,Basketball,152.24,99.83,0,
8/12/22,11730,104007,Basketball,317.68,235.84,0,4
8/12/22,11731,104008,Basketball,17.60,-4.69,7,
8/12/22,11732,104009,Football,26.40,15.41,7,
8/12/22,11733,104010,Basketball,332.64,213.73,0,
8/12/22,11734,104011,Football,91.52,32.83,0,
8/13/22,11735,104012,Hockey,196.24,134.67,0,
8/13/22,11736,104013,Baseball,178.64,122.61,0,
8/13/22,11737,104014,Hockey,353.76,229.81,0,4
8/13/22,11738,104015,Hockey,154.88,103.18,0,4
8/13/22,11739,104016,Baseball,367.84,262.64,0,
8/13/22,11740,104017,Baseball,290.40,190.95,0,4
8/13/22,11741,104018,Football,183.92,129.31,0,
8/13/22,11742,104019,Hockey,175.12,88.44,0,
8/13/22,11743,104020,Hockey,146.96,73.03,0,
8/13/22,11744,104021,Soccer,16.72,-28.14,7,
8/13/22,11745,104022,Soccer,240.24,154.77,0,1
8/13/22,11746,104023,Football,249.92,160.13,0,
8/14/22,11747,104024,Basketball,285.12,212.39,0,
8/14/22,11748,104025,Soccer,118.80,78.39,0,
8/14/22,11749,104026,Baseball,259.60,182.91,0,
8/15/22,11750,104027,Soccer,37.84,-6.70,7,3
8/15/22,11751,104028,Football,297.44,200.33,0,2
8/15/22,11752,104029,Soccer,31.68,4.02,7,
8/15/22,11753,104030,Football,44.00,7.37,7,
8/15/22,11754,104031,Hockey,244.64,141.37,0,
8/15/22,11755,104032,Soccer,49.28,30.82,0,
8/15/22,11756,104033,Baseball,273.68,200.33,0,5
8/15/22,11757,104034,Football,320.32,228.47,0,
8/15/22,11758,104035,Basketball,248.16,179.56,0,
8/16/22,11759,104036,Baseball,219.12,123.28,0,5
8/16/22,11760,104037,Basketball,212.08,138.69,0,
8/16/22,11761,104038,Basketball,332.64,239.19,0,
8/16/22,11762,104039,Basketball,125.84,67.00,0,
8/16/22,11763,104040,Soccer,267.52,162.81,0,
8/16/22,11764,104041,Basketball,214.72,158.79,0,
8/16/22,11765,104042,Baseball,182.16,126.63,0,
8/16/22,11766,104043,Hockey,102.08,56.28,0,
8/16/22,11767,104044,Football,245.52,180.23,0,
8/17/22,11768,104045,Baseball,53.68,5.36,0,
8/17/22,11769,104046,Soccer,284.24,183.58,0,3
8/17/22,11770,104047,Basketball,365.20,256.61,0,5
8/17/22,11771,104048,Soccer,366.96,272.02,0,
8/17/22,11772,104049,Football,101.20,36.18,0,4
8/17/22,11773,104050,Basketball,221.76,127.30,0,
8/17/22,11774,104051,Basketball,161.04,80.40,0,
8/17/22,11775,104052,Hockey,245.52,167.50,0,5
8/18/22,11776,104053,Hockey,176.00,96.48,0,
8/18/22,11777,104054,Football,359.92,235.17,0,3
8/18/22,11778,104055,Football,111.76,79.06,0,
8/18/22,11779,104056,Baseball,79.20,36.85,0,
8/18/22,11780,104057,Soccer,324.72,205.02,0,
8/18/22,11781,104058,Soccer,128.48,88.44,0,
8/18/22,11782,104059,Soccer,240.24,151.42,0,
8/18/22,11783,104060,Basketball,52.80,19.43,0,
8/19/22,11784,104061,Hockey,170.72,110.55,0,
8/19/22,11785,104062,Basketball,47.52,4.02,7,
8/19/22,11786,104063,Soccer,320.32,213.06,0,
8/19/22,11787,104064,Hockey,264.88,163.48,0,4
8/19/22,11788,104065,Football,176.00,125.96,0,3
8/19/22,11789,104066,Baseball,39.60,-8.71,7,
8/20/22,11790,104067,Soccer,286.00,204.35,0,
8/20/22,11791,104068,Soccer,239.36,172.86,0,2
8/20/22,11792,104069,Hockey,215.60,152.76,0,
8/20/22,11793,104070,Hockey,42.24,8.71,7,
8/20/22,11794,104071,Basketball,165.44,93.80,0,
8/20/22,11795,104072,Football,219.12,123.28,0,5
8/20/22,11796,104073,Football,220.88,160.13,0,
8/20/22,11797,104074,Hockey,44.00,24.79,7,3
8/21/22,11798,104075,Baseball,263.12,180.90,0,
8/21/22,11799,104076,Basketball,254.32,178.22,0,
8/21/22,11800,104077,Hockey,183.04,98.49,0,4
8/21/22,11801,104078,Basketball,64.24,2.01,0,
8/21/22,11802,104079,Hockey,230.56,153.43,0,
8/21/22,11803,104080,Football,104.72,61.64,0,1
8/22/22,11804,104081,Soccer,157.52,81.74,0,
8/22/22,11805,104082,Basketball,222.64,156.11,0,
8/22/22,11806,104083,Baseball,210.32,131.32,0,3
8/22/22,11807,104084,Baseball,289.52,186.93,0,3
8/22/22,11808,104085,Football,35.20,18.09,7,
8/22/22,11809,104086,Baseball,78.32,34.17,0,
8/22/22,11810,104087,Soccer,304.48,195.64,0,
8/22/22,11811,104088,Basketball,124.96,54.27,0,
8/23/22,11812,104089,Baseball,131.12,91.12,0,
8/23/22,11813,104090,Football,268.40,163.48,0,
8/23/22,11814,104091,Basketball,341.44,232.49,0,1
8/23/22,11815,104092,Hockey,141.68,99.83,0,
8/23/22,11816,104093,Basketball,41.36,18.76,7,1
8/24/22,11817,104094,Basketball,231.44,140.70,0,
8/24/22,11818,104095,Soccer,68.64,28.14,0,
8/24/22,11819,104096,Baseball,264.00,197.65,0,4
8/24/22,11820,104097,Soccer,315.92,205.02,0,
8/24/22,11821,104098,Basketball,293.92,181.57,0,
8/24/22,11822,104099,Soccer,50.16,24.79,0,
8/25/22,11823,104100,Hockey,193.60,132.66,0,
8/25/22,11824,104101,Basketball,155.76,103.85,0,
8/25/22,11825,104102,Football,291.28,178.22,0,
8/25/22,11826,104103,Football,355.52,261.30,0,
8/25/22,11827,104104,Football,239.36,176.21,0,3
8/25/22,11828,104105,Hockey,124.96,71.69,0,
8/25/22,11829,104106,Football,273.68,195.64,0,
8/26/22,11830,104107,Soccer,132.88,93.13,0,
8/26/22,11831,104108,Baseball,87.12,37.52,0,
8/26/22,11832,104109,Basketball,127.60,76.38,0,
8/26/22,11833,104110,Baseball,159.28,89.78,0,4
8/26/22,11834,104111,Soccer,202.40,121.94,0,
8/26/22,11835,104112,Football,107.36,40.20,0,
8/26/22,11836,104113,Football,253.44,154.10,0,
8/27/22,11837,104114,Soccer,272.80,193.63,0,
8/27/22,11838,104115,Baseball,132.88,94.47,0,
8/27/22,11839,104116,Baseball,53.68,-4.02,0,
8/27/22,11840,104117,Football,205.92,140.03,0,
8/27/22,11841,104118,Soccer,287.76,205.69,0,
8/27/22,11842,104119,Hockey,78.32,38.86,0,
8/27/22,11843,104120,Football,263.12,174.20,0,
8/27/22,11844,104121,Basketball,171.60,95.14,0,1
8/27/22,11845,104122,Soccer,134.64,84.42,0,4
8/28/22,11846,104123,Football,307.12,230.48,0,
8/28/22,11847,104124,Soccer,278.96,174.87,0,
8/28/22,11848,104125,Hockey,278.08,180.90,0,
8/28/22,11849,104126,Basketball,163.68,89.78,0,1
8/29/22,11850,104127,Baseball,253.44,176.21,0,5
8/29/22,11851,104128,Hockey,32.56,9.38,7,2
8/29/22,11852,104129,Baseball,161.92,81.07,0,4
8/29/22,11853,104130,Baseball,274.56,194.97,0,
8/29/22,11854,104131,Soccer,289.52,175.54,0,
8/29/22,11855,104132,Basketball,235.84,163.48,0,3
8/29/22,11856,104133,Hockey,325.60,242.54,0,2
8/29/22,11857,104134,Baseball,305.36,193.63,0,
8/29/22,11858,104135,Baseball,205.92,143.38,0,
8/30/22,11859,104136,Baseball,209.44,134.00,0,2
8/30/22,11860,104137,Baseball,329.12,210.38,0,
8/30/22,11861,104138,Soccer,262.24,152.76,0,
8/30/22,11862,104139,Football,198.88,135.34,0,
8/30/22,11863,104140,Baseball,337.92,215.07,0,
8/30/22,11864,104141,Baseball,225.28,167.50,0,
8/30/22,11865,104142,Basketball,42.24,14.07,7,
8/30/22,11866,104143,Football,33.44,16.75,7,
8/30/22,11867,104144,Hockey,328.24,207.70,0,
8/31/22,11868,104145,Hockey,159.28,103.85,0,1
8/31/22,11869,104146,Basketball,246.40,149.41,0,
8/31/22,11870,104147,Baseball,21.12,-18.76,7,
8/31/22,11871,104148,Basketball,148.72,73.03,0,
8/31/22,11872,104149,Soccer,163.68,82.41,0,
8/31/22,11873,104150,Soccer,272.80,199.66,0,
8/31/22,11874,104151,Baseball,276.32,175.54,0,3
8/31/22,11875,104152,Soccer,146.96,92.46,0,
8/31/22,11876,104153,Baseball,158.40,77.05,0,2
9/1/22,11877,104154,Football,209.56,127.20,0,
9/1/22,11878,104155,Baseball,239.32,145.20,0,
9/1/22,11879,104156,Hockey,241.80,148.00,0,
9/1/22,11880,104157,Baseball,160.58,94.00,0,5
9/1/22,11881,104158,Hockey,56.42,9.20,0,2
9/1/22,11882,104159,Soccer,159.96,82.80,0,
9/1/22,11883,104160,Soccer,166.78,99.20,0,
9/1/22,11884,104161,Football,16.12,-4.40,7,2
9/1/22,11885,104162,Baseball,20.46,-4.40,7,4
9/2/22,11886,104163,Football,40.30,12.00,7,
9/2/22,11887,104164,Hockey,221.96,136.80,0,
9/2/22,11888,104165,Hockey,195.30,112.40,0,5
9/2/22,11889,104166,Hockey,97.34,42.40,0,
9/2/22,11890,104167,Football,175.46,95.60,0,
9/2/22,11891,104168,Baseball,169.88,95.60,0,
9/2/22,11892,104169,Hockey,50.22,17.60,0,
9/2/22,11893,104170,Basketball,143.22,68.00,0,2
9/2/22,11894,104171,Hockey,47.12,8.00,7,2
9/2/22,11895,104172,Football,171.12,83.60,0,1
9/2/22,11896,104173,Basketball,175.46,94.00,0,
9/2/22,11897,104174,Hockey,139.50,80.40,0,
9/3/22,11898,104175,Basketball,101.68,44.00,0,
9/3/22,11899,104176,Football,187.24,118.00,0,
9/3/22,11900,104177,Baseball,148.18,73.60,0,
9/3/22,11901,104178,Hockey,187.86,114.40,0,
9/3/22,11902,104179,Soccer,104.78,62.00,0,
9/3/22,11903,104180,Football,35.34,-2.00,7,
9/3/22,11904,104181,Baseball,31.62,16.00,7,
9/4/22,11905,104182,Hockey,134.54,84.00,0,
9/4/22,11906,104183,Hockey,238.08,142.80,0,
9/4/22,11907,104184,Football,135.78,74.00,0,
9/4/22,11908,104185,Soccer,79.36,36.80,0,
9/4/22,11909,104186,Baseball,104.78,45.20,0,5
9/5/22,11910,104187,Soccer,250.48,149.60,0,
9/5/22,11911,104188,Basketball,217.62,114.40,0,
9/5/22,11912,104189,Baseball,29.76,1.60,7,
9/5/22,11913,104190,Baseball,182.28,115.20,0,
9/5/22,11914,104191,Baseball,163.68,99.60,0,3
9/5/22,11915,104192,Baseball,42.78,3.20,7,
9/6/22,11916,104193,Baseball,50.22,16.40,0,5
9/6/22,11917,104194,Football,49.60,28.00,0,
9/6/22,11918,104195,Soccer,29.76,7.20,7,
9/6/22,11919,104196,Basketball,150.04,92.80,0,2
9/6/22,11920,104197,Football,94.24,51.20,0,
9/6/22,11921,104198,Football,109.12,42.40,0,
9/6/22,11922,104199,Basketball,239.32,140.40,0,
9/6/22,11923,104200,Baseball,40.92,-0.40,7,4
9/6/22,11924,104201,Soccer,220.10,131.60,0,
9/6/22,11925,104202,Basketball,71.30,37.60,0,
9/6/22,11926,104203,Soccer,212.04,111.20,0,
9/7/22,11927,104204,Soccer,237.46,141.60,0,
9/7/22,11928,104205,Baseball,206.46,125.60,0,
9/7/22,11929,104206,Basketball,208.32,128.00,0,
9/7/22,11930,104207,Soccer,153.14,83.20,0,
9/8/22,11931,104208,Basketball,168.02,90.40,0,
9/8/22,11932,104209,Hockey,138.88,67.60,0,
9/8/22,11933,104210,Soccer,125.24,52.80,0,
9/8/22,11934,104211,Baseball,176.08,90.80,0,
9/8/22,11935,104212,Baseball,100.44,40.80,0,5
9/8/22,11936,104213,Baseball,31.00,-0.80,7,
9/8/22,11937,104214,Baseball,44.64,20.80,7,
9/8/22,11938,104215,Soccer,31.62,10.40,7,
9/8/22,11939,104216,Basketball,73.16,27.60,0,
9/8/22,11940,104217,Basketball,188.48,119.60,0,
9/9/22,11941,104218,Baseball,244.90,150.80,0,
9/9/22,11942,104219,Basketball,185.38,101.60,0,
9/9/22,11943,104220,Soccer,181.04,90.80,0,
9/9/22,11944,104221,Football,256.06,156.40,0,
9/9/22,11945,104222,Hockey,88.04,34.00,0,
9/9/22,11946,104223,Football,156.86,84.00,0,4
9/9/22,11947,104224,Soccer,97.34,45.20,0,2
9/9/22,11948,104225,Basketball,124.00,67.20,0,5
9/10/22,11949,104226,Football,251.72,150.80,0,5
9/10/22,11950,104227,Baseball,204.60,120.80,0,1
9/10/22,11951,104228,Hockey,17.36,6.40,7,
9/10/22,11952,104229,Basketball,147.56,81.60,0,1
9/10/22,11953,104230,Baseball,177.94,101.60,0,
9/10/22,11954,104231,Soccer,141.36,81.20,0,
9/10/22,11955,104232,Soccer,177.32,96.00,0,2
9/10/22,11956,104233,Hockey,200.26,120.80,0,4
9/11/22,11957,104234,Hockey,208.32,128.80,0,
9/11/22,11958,104235,Football,50.84,30.80,0,
9/11/22,11959,104236,Football,132.68,61.60,0,
9/11/22,11960,104237,Hockey,229.40,130.40,0,1
9/12/22,11961,104238,Basketball,210.80,123.60,0,2
9/12/22,11962,104239,Hockey,16.12,4.40,7,
9/12/22,11963,104240,Football,177.32,86.00,0,5
9/12/22,11964,104241,Basketball,93.62,42.80,0,
9/12/22,11965,104242,Football,125.24,54.00,0,
9/12/22,11966,104243,Baseball,217.00,127.20,0,
9/12/22,11967,104244,Soccer,203.98,114.00,0,
9/12/22,11968,104245,Football,177.32,89.20,0,3
9/12/22,11969,104246,Soccer,204.60,128.80,0,
9/12/22,11970,104247,Basketball,199.64,108.80,0,
9/13/22,11971,104248,Basketball,248.62,132.00,0,3
9/13/22,11972,104249,Soccer,233.12,137.20,0,
9/13/22,11973,104250,Football,248.00,149.20,0,
9/13/22,11974,104251,Football,238.70,148.80,0,
9/13/22,11975,104252,Football,89.28,48.40,0,3
9/13/22,11976,104253,Football,215.14,122.00,0,
9/13/22,11977,104254,Baseball,215.76,116.40,0,
9/13/22,11978,104255,Baseball,138.88,61.60,0,
9/13/22,11979,104256,Soccer,148.80,89.20,0,
9/13/22,11980,104257,Football,121.52,63.20,0,
9/13/22,11981,104258,Soccer,58.28,19.60,0,
9/13/22,11982,104259,Football,101.68,45.60,0,
9/14/22,11983,104260,Football,17.36,5.20,7,
9/14/22,11984,104261,Hockey,250.48,141.60,0,5
9/14/22,11985,104262,Football,164.92,100.00,0,
9/15/22,11986,104263,Football,27.90,2.80,7,1
9/15/22,11987,104264,Baseball,34.72,20.00,7,4
9/15/22,11988,104265,Football,135.78,62.40,0,
9/15/22,11989,104266,Baseball,202.74,112.00,0,
9/15/22,11990,104267,Basketball,175.46,102.80,0,
9/15/22,11991,104268,Baseball,108.50,56.40,0,
9/15/22,11992,104269,Baseball,129.58,62.80,0,
9/15/22,11993,104270,Hockey,174.22,96.40,0,3
9/15/22,11994,104271,Basketball,241.18,128.40,0,3
9/16/22,11995,104272,Soccer,18.60,-2.00,7,
9/16/22,11996,104273,Hockey,24.80,-12.00,7,
9/17/22,11997,104274,Football,83.70,46.00,0,
9/17/22,11998,104275,Soccer,262.88,143.60,0,
9/17/22,11999,104276,Hockey,189.72,118.80,0,
9/17/22,12000,104277,Hockey,161.20,90.80,0,3
9/17/22,12001,104278,Soccer,76.26,21.60,0,
9/17/22,12002,104279,Soccer,226.30,134.00,0,1
9/17/22,12003,104280,Basketball,123.38,61.20,0,3
9/17/22,12004,104281,Hockey,199.02,106.40,0,5
9/18/22,12005,104282,Basketball,230.64,137.20,0,1
9/18/22,12006,104283,Baseball,177.32,88.80,0,5
9/18/22,12007,104284,Football,187.24,101.20,0,4
9/18/22,12008,104285,Hockey,127.72,68.00,0,
9/18/22,12009,104286,Hockey,89.90,34.40,0,4
9/18/22,12010,104287,Hockey,189.10,110.00,0,2
9/19/22,12011,104288,Hockey,66.96,29.20,0,4
9/19/22,12012,104289,Football,161.82,101.20,0,
9/19/22,12013,104290,Baseball,34.72,-3.60,7,
9/19/22,12014,104291,Hockey,47.74,17.60,7,1
9/19/22,12015,104292,Soccer,178.56,113.20,0,4
9/19/22,12016,104293,Basketball,80.60,43.20,0,5
9/19/22,12017,104294,Hockey,197.78,102.00,0,5
9/19/22,12018,104295,Soccer,142.60,80.80,0,2
9/19/22,12019,104296,Hockey,126.48,55.20,0,3
9/19/22,12020,104297,Basketball,66.34,30.40,0,1
9/20/22,12021,104298,Baseball,109.12,42.00,0,
9/20/22,12022,104299,Baseball,109.12,44.80,0,1
9/20/22,12023,104300,Football,262.88,152.80,0,2
9/20/22,12024,104301,Soccer,11.78,4.40,7,2
9/20/22,12025,104302,Football,81.84,50.00,0,3
9/20/22,12026,104303,Baseball,26.04,-4.00,7,2
9/20/22,12027,104304,Basketball,127.72,77.20,0,1
9/20/22,12028,104305,Basketball,112.84,45.20,0,5
9/21/22,12029,104306,Baseball,225.68,143.20,0,5
9/21/22,12030,104307,Basketball,72.54,31.60,0,4
9/21/22,12031,104308,Basketball,214.52,121.20,0,4
9/21/22,12032,104309,Soccer,67.58,31.60,0,4
9/21/22,12033,104310,Baseball,46.50,4.80,7,5
9/21/22,12034,104311,Basketball,123.38,66.40,0,5
9/21/22,12035,104312,Baseball,210.18,118.40,0,3
9/21/22,12036,104313,Basketball,120.28,71.60,0,3
9/21/22,12037,104314,Basketball,200.26,103.60,0,4
9/21/22,12038,104315,Soccer,233.12,125.20,0,3
9/22/22,12039,104316,Football,199.64,124.40,0,5
9/22/22,12040,104317,Soccer,14.26,-2.40,7,4
9/22/22,12041,104318,Football,143.84,71.20,0,2
9/22/22,12042,104319,Football,78.12,47.20,0,4
9/22/22,12043,104320,Football,12.40,-4.40,7,1
9/22/22,12044,104321,Football,163.68,98.00,0,2
9/22/22,12045,104322,Soccer,96.72,36.40,0,4
9/22/22,12046,104323,Baseball,239.32,138.00,0,3
9/22/22,12047,104324,Soccer,140.12,66.40,0,4
9/22/22,12048,104325,Football,21.70,1.20,7,2
9/22/22,12049,104326,Soccer,54.56,30.80,0,
9/23/22,12050,104327,Football,133.30,74.00,0,4
9/23/22,12051,104328,Hockey,75.02,45.20,0,
9/23/22,12052,104329,Baseball,195.30,104.00,0,
9/23/22,12053,104330,Soccer,192.82,102.40,0,2
9/23/22,12054,104331,Hockey,85.56,29.20,0,
9/23/22,12055,104332,Basketball,140.74,71.20,0,2
9/23/22,12056,104333,Soccer,72.54,37.60,0,
9/23/22,12057,104334,Hockey,91.14,50.80,0,
9/23/22,12058,104335,Football,256.68,157.20,0,
9/23/22,12059,104336,Soccer,213.28,130.00,0,1
9/23/22,12060,104337,Hockey,173.60,106.40,0,4
9/23/22,12061,104338,Football,228.16,141.20,0,1
9/23/22,12062,104339,Baseball,130.82,81.60,0,2
9/24/22,12063,104340,Soccer,178.56,106.40,0,
9/24/22,12064,104341,Hockey,197.78,108.00,0,4
9/24/22,12065,104342,Hockey,216.38,120.00,0,1
9/24/22,12066,104343,Football,148.80,88.80,0,
9/24/22,12067,104344,Football,29.14,2.80,7,
9/24/22,12068,104345,Basketball,13.02,2.00,7,
9/24/22,12069,104346,Football,16.12,2.40,7,
9/24/22,12070,104347,Basketball,40.92,13.60,7,3
9/25/22,12071,104348,Baseball,98.58,60.00,0,5
9/25/22,12072,104349,Baseball,230.02,126.80,0,3
9/25/22,12073,104350,Soccer,80.60,33.20,0,
9/25/22,12074,104351,Hockey,191.58,97.20,0,4
9/26/22,12075,104352,Soccer,234.98,136.00,0,3
9/26/22,12076,104353,Basketball,230.02,135.60,0,1
9/26/22,12077,104354,Baseball,48.98,12.40,7,3
9/26/22,12078,104355,Hockey,140.12,77.20,0,2
9/26/22,12079,104356,Soccer,251.10,140.80,0,2
9/26/22,12080,104357,Basketball,140.74,82.00,0,2
9/27/22,12081,104358,Football,122.76,52.00,0,1
9/27/22,12082,104359,Football,184.14,96.40,0,1
9/27/22,12083,104360,Basketball,253.58,135.60,0,
9/27/22,12084,104361,Football,220.10,113.60,0,2
9/27/22,12085,104362,Football,38.44,18.00,7,5
9/27/22,12086,104363,Baseball,150.04,87.60,0,
9/28/22,12087,104364,Hockey,159.96,85.60,0,
9/28/22,12088,104365,Basketball,30.38,11.60,7,
9/28/22,12089,104366,Soccer,64.48,25.20,0,4
9/28/22,12090,104367,Hockey,63.24,16.80,0,1
9/28/22,12091,104368,Basketball,214.52,124.40,0,
9/28/22,12092,104369,Soccer,202.74,125.60,0,5
9/28/22,12093,104370,Baseball,176.08,106.40,0,2
9/28/22,12094,104371,Hockey,190.96,105.20,0,4
9/28/22,12095,104372,Hockey,223.20,118.00,0,1
9/28/22,12096,104373,Hockey,204.60,126.80,0,
9/28/22,12097,104374,Baseball,257.92,140.00,0,4
9/29/22,12098,104375,Basketball,83.70,48.00,0,5
9/29/22,12099,104376,Football,159.96,80.80,0,4
9/30/22,12100,104377,Basketball,110.98,62.00,0,4
9/30/22,12101,104378,Football,166.78,103.60,0,1
9/30/22,12102,104379,Soccer,158.10,76.80,0,4
9/30/22,12103,104380,Baseball,177.32,89.20,0,2
9/30/22,12104,104381,Football,44.64,19.60,7,1
9/30/22,12105,104382,Soccer,70.06,40.00,0,
9/30/22,12106,104383,Football,262.26,159.20,0,4
9/30/22,12107,104384,Football,179.80,100.00,0,4
9/30/22,12108,104385,Basketball,82.46,28.00,0,3
9/30/22,12109,104386,Soccer,193.44,101.60,0,4
9/30/22,12110,104387,Baseball,201.50,113.60,0,
9/30/22,12111,104388,Hockey,208.32,114.80,0,
10/1/22,12112,104389,Soccer,193.44,94.55,0,1
10/1/22,12113,104390,Baseball,131.56,76.88,0,4
10/1/22,12114,104391,Basketball,169.00,95.17,0,2
10/1/22,12115,104392,Hockey,178.36,97.96,0,
10/1/22,12116,104393,Football,195.00,94.86,0,
10/1/22,12117,104394,Football,202.80,118.42,0,5
10/1/22,12118,104395,Baseball,57.20,25.42,0,3
10/1/22,12119,104396,Football,68.12,18.91,0,5
10/1/22,12120,104397,Baseball,107.64,61.69,0,4
10/2/22,12121,104398,Football,137.80,61.69,0,5
10/2/22,12122,104399,Baseball,195.52,114.39,0,2
10/2/22,12123,104400,Hockey,59.80,14.26,0,
10/2/22,12124,104401,Basketball,182.52,101.37,0,5
10/2/22,12125,104402,Basketball,51.48,15.50,0,4
10/2/22,12126,104403,Baseball,127.40,66.96,0,
10/2/22,12127,104404,Soccer,28.60,-4.03,7,
10/2/22,12128,104405,Soccer,41.60,7.44,7,4
10/3/22,12129,104406,Basketball,75.40,43.40,0,3
10/3/22,12130,104407,Hockey,71.76,26.97,0,3
10/3/22,12131,104408,Basketball,58.76,21.70,0,3
10/3/22,12132,104409,Hockey,138.32,66.65,0,
10/3/22,12133,104410,Soccer,79.04,41.85,0,
10/3/22,12134,104411,Basketball,102.44,46.19,0,4
10/3/22,12135,104412,Soccer,150.28,84.32,0,4
10/3/22,12136,104413,Soccer,52.52,26.35,0,1
10/3/22,12137,104414,Soccer,203.32,100.44,0,5
10/3/22,12138,104415,Football,143.52,66.65,0,4
10/3/22,12139,104416,Baseball,147.16,83.70,0,
10/3/22,12140,104417,Baseball,63.96,24.49,0,5
10/4/22,12141,104418,Baseball,195.00,97.03,0,
10/4/22,12142,104419,Basketball,109.20,52.39,0,5
10/4/22,12143,104420,Football,24.96,0.93,7,3
10/4/22,12144,104421,Hockey,143.00,65.10,0,1
10/5/22,12145,104422,Soccer,92.04,43.09,0,5
10/5/22,12146,104423,Soccer,55.12,14.26,0,2
10/6/22,12147,104424,Hockey,164.32,92.38,0,
10/6/22,12148,104425,Soccer,146.64,81.84,0,1
10/6/22,12149,104426,Baseball,113.88,57.66,0,4
10/6/22,12150,104427,Soccer,55.12,30.69,0,
10/6/22,12151,104428,Soccer,49.40,27.90,0,1
10/6/22,12152,104429,Soccer,160.68,81.53,0,3
10/6/22,12153,104430,Soccer,212.68,113.15,0,1
10/7/22,12154,104431,Basketball,122.72,53.94,0,4
10/7/22,12155,104432,Baseball,47.84,25.42,7,
10/7/22,12156,104433,Football,145.60,71.30,0,2
10/7/22,12157,104434,Hockey,91.52,41.85,0,
10/7/22,12158,104435,Hockey,200.72,103.54,0,2
10/7/22,12159,104436,Baseball,185.64,93.93,0,1
10/7/22,12160,104437,Football,9.88,0.00,7,2
10/8/22,12161,104438,Football,94.12,47.12,0,
10/8/22,12162,104439,Soccer,73.84,37.20,0,2
10/8/22,12163,104440,Hockey,33.28,2.48,7,4
10/8/22,12164,104441,Baseball,51.48,23.56,0,
10/8/22,12165,104442,Baseball,87.88,39.68,0,4
10/8/22,12166,104443,Football,83.20,43.40,0,3
10/9/22,12167,104444,Basketball,212.68,106.33,0,5
10/9/22,12168,104445,Basketball,147.16,72.23,0,1
10/9/22,12169,104446,Baseball,209.04,106.64,0,5
10/9/22,12170,104447,Hockey,49.92,14.26,0,
10/9/22,12171,104448,Basketball,135.72,76.26,0,1
10/9/22,12172,104449,Basketball,219.96,124.62,0,4
10/9/22,12173,104450,Soccer,211.64,105.40,0,3
10/10/22,12174,104451,Hockey,192.40,105.09,0,3
10/10/22,12175,104452,Soccer,70.20,21.39,0,5
10/10/22,12176,104453,Baseball,79.04,31.62,0,
10/10/22,12177,104454,Football,19.76,-4.65,7,5
10/10/22,12178,104455,Football,165.88,87.42,0,2
10/10/22,12179,104456,Football,166.40,81.53,0,
10/11/22,12180,104457,Basketball,93.60,53.32,0,5
10/11/22,12181,104458,Basketball,91.00,32.86,0,3
10/11/22,12182,104459,Football,89.96,51.46,0,2
10/11/22,12183,104460,Baseball,202.28,112.84,0,4
10/11/22,12184,104461,Basketball,209.56,118.42,0,
10/12/22,12185,104462,Baseball,97.76,56.11,0,
10/12/22,12186,104463,Hockey,46.80,6.82,7,3
10/12/22,12187,104464,Soccer,139.88,67.27,0,1
10/12/22,12188,104465,Hockey,156.00,86.18,0,
10/12/22,12189,104466,Football,127.40,53.94,0,4
10/12/22,12190,104467,Basketball,205.40,110.05,0,4
10/12/22,12191,104468,Hockey,199.16,116.25,0,5
10/13/22,12192,104469,Soccer,10.92,-5.58,7,
10/13/22,12193,104470,Soccer,208.52,122.76,0,2
10/13/22,12194,104471,Hockey,21.32,-4.34,7,
10/13/22,12195,104472,Soccer,106.60,53.32,0,
10/13/22,12196,104473,Hockey,212.16,104.78,0,4
10/13/22,12197,104474,Baseball,58.24,21.08,0,5
10/13/22,12198,104475,Soccer,58.24,19.84,0,
10/14/22,12199,104476,Hockey,178.36,100.75,0,2
10/14/22,12200,104477,Baseball,80.08,27.28,0,3
10/14/22,12201,104478,Baseball,118.56,58.90,0,1
10/14/22,12202,104479,Baseball,210.60,105.09,0,2
10/14/22,12203,104480,Hockey,203.84,101.06,0,1
10/14/22,12204,104481,Football,10.40,-8.99,7,
10/14/22,12205,104482,Hockey,216.84,116.25,0,5
10/14/22,12206,104483,Baseball,36.40,2.79,7,1
10/14/22,12207,104484,Baseball,138.84,81.22,0,3
10/14/22,12208,104485,Hockey,102.44,48.05,0,1
10/14/22,12209,104486,Hockey,195.00,102.30,0,3
10/15/22,12210,104487,Soccer,149.24,81.22,0,
10/15/22,12211,104488,Hockey,80.08,39.37,0,1
10/15/22,12212,104489,Baseball,52.00,27.28,0,1
10/15/22,12213,104490,Hockey,177.84,97.65,0,4
10/15/22,12214,104491,Hockey,214.76,118.42,0,3
10/15/22,12215,104492,Hockey,153.92,87.11,0,1
10/16/22,12216,104493,Basketball,186.16,96.72,0,5
10/16/22,12217,104494,Baseball,205.92,117.18,0,2
10/16/22,12218,104495,Basketball,137.28,74.09,0,1
10/16/22,12219,104496,Baseball,63.96,21.08,0,3
10/16/22,12220,104497,Basketball,54.60,23.56,0,4
10/16/22,12221,104498,Soccer,66.04,29.14,0,2
10/16/22,12222,104499,Soccer,70.72,21.70,0,5
10/16/22,12223,104500,Soccer,113.88,48.05,0,
10/16/22,12224,104501,Basketball,216.32,126.17,0,
10/16/22,12225,104502,Hockey,43.68,17.98,7,
10/16/22,12226,104503,Hockey,96.72,52.39,0,5
10/16/22,12227,104504,Basketball,167.44,97.96,0,3
10/17/22,12228,104505,Hockey,198.64,112.84,0,3
10/17/22,12229,104506,Baseball,170.04,82.15,0,5
10/17/22,12230,104507,Hockey,78.00,41.54,0,2
10/17/22,12231,104508,Basketball,88.92,33.79,0,5
10/17/22,12232,104509,Baseball,167.44,79.05,0,4
10/17/22,12233,104510,Basketball,46.80,21.39,7,1
10/17/22,12234,104511,Hockey,193.96,107.57,0,3
10/18/22,12235,104512,Basketball,39.52,4.34,7,4
10/18/22,12236,104513,Football,191.88,104.78,0,
10/18/22,12237,104514,Baseball,21.84,-4.96,7,4
10/18/22,12238,104515,Basketball,66.56,33.17,0,1
10/18/22,12239,104516,Baseball,133.12,74.09,0,1
10/18/22,12240,104517,Basketball,129.48,57.66,0,5
10/18/22,12241,104518,Basketball,99.84,43.40,0,1
10/18/22,12242,104519,Baseball,162.24,87.42,0,3
10/19/22,12243,104520,Soccer,74.36,35.34,0,1
10/19/22,12244,104521,Hockey,122.20,53.63,0,2
10/19/22,12245,104522,Hockey,75.40,25.42,0,
10/19/22,12246,104523,Soccer,69.68,33.48,0,4
10/19/22,12247,104524,Hockey,74.36,42.78,0,
10/19/22,12248,104525,Soccer,137.80,60.76,0,
10/19/22,12249,104526,Football,142.48,63.86,0,1
10/19/22,12250,104527,Soccer,216.32,107.57,0,3
10/19/22,12251,104528,Football,138.84,63.86,0,
10/19/22,12252,104529,Football,141.44,74.09,0,
10/19/22,12253,104530,Basketball,79.04,31.31,0,1
10/20/22,12254,104531,Baseball,141.96,63.86,0,1
10/20/22,12255,104532,Baseball,105.04,52.08,0,2
10/20/22,12256,104533,Baseball,149.76,68.51,0,3
10/20/22,12257,104534,Hockey,115.96,66.03,0,2
10/20/22,12258,104535,Baseball,166.92,87.42,0,5
10/20/22,12259,104536,Basketball,30.16,2.48,7,5
10/20/22,12260,104537,Baseball,97.24,42.16,0,3
10/20/22,12261,104538,Football,119.08,54.25,0,1
10/20/22,12262,104539,Soccer,107.64,58.90,0,3
10/21/22,12263,104540,Hockey,92.04,35.65,0,
10/21/22,12264,104541,Baseball,147.68,66.03,0,5
10/21/22,12265,104542,Basketball,179.92,101.06,0,
10/21/22,12266,104543,Basketball,171.08,94.55,0,2
10/21/22,12267,104544,Football,134.68,71.92,0,3
10/21/22,12268,104545,Basketball,62.92,26.66,0,
10/21/22,12269,104546,Basketball,15.08,-6.20,7,5
10/21/22,12270,104547,Basketball,58.24,24.80,0,5
10/21/22,12271,104548,Baseball,210.08,106.33,0,1
10/22/22,12272,104549,Football,190.84,106.95,0,3
10/22/22,12273,104550,Baseball,172.64,93.93,0,2
10/22/22,12274,104551,Soccer,27.56,-1.86,7,4
10/22/22,12275,104552,Football,170.04,79.36,0,3
10/22/22,12276,104553,Basketball,33.28,7.44,7,5
10/22/22,12277,104554,Soccer,190.84,101.06,0,1
10/23/22,12278,104555,Football,131.04,73.16,0,
10/23/22,12279,104556,Soccer,76.44,42.47,0,
10/23/22,12280,104557,Basketball,67.60,28.83,0,
10/23/22,12281,104558,Baseball,105.04,44.95,0,
10/23/22,12282,104559,Football,141.96,79.67,0,2
10/24/22,12283,104560,Hockey,76.44,35.96,0,3
10/24/22,12284,104561,Basketball,48.36,9.30,7,5
10/24/22,12285,104562,Hockey,27.56,2.48,7,3
10/24/22,12286,104563,Baseball,66.56,22.94,0,
10/24/22,12287,104564,Hockey,156.00,84.01,0,2
10/24/22,12288,104565,Soccer,173.68,97.03,0,4
10/24/22,12289,104566,Baseball,129.48,60.14,0,1
10/25/22,12290,104567,Soccer,129.48,59.21,0,2
10/25/22,12291,104568,Baseball,200.20,102.92,0,5
10/25/22,12292,104569,Football,179.40,95.17,0,3
10/25/22,12293,104570,Hockey,85.80,38.13,0,
10/25/22,12294,104571,Baseball,139.36,73.78,0,
10/25/22,12295,104572,Football,183.04,102.92,0,
10/25/22,12296,104573,Football,208.00,120.28,0,4
10/25/22,12297,104574,Baseball,191.88,101.68,0,2
10/25/22,12298,104575,Basketball,167.44,78.43,0,1
10/25/22,12299,104576,Baseball,84.76,32.55,0,3
10/25/22,12300,104577,Football,56.68,21.39,0,4
10/25/22,12301,104578,Soccer,86.32,35.03,0,1
10/26/22,12302,104579,Hockey,56.68,12.71,0,2
10/26/22,12303,104580,Football,166.40,80.60,0,3
10/26/22,12304,104581,Football,153.40,83.39,0,1
10/26/22,12305,104582,Baseball,26.52,13.02,7,4
10/26/22,12306,104583,Hockey,130.52,55.80,0,5
10/26/22,12307,104584,Baseball,84.24,34.41,0,
10/26/22,12308,104585,Soccer,214.24,119.97,0,3
10/26/22,12309,104586,Baseball,205.40,118.11,0,2
10/26/22,12310,104587,Soccer,55.12,14.88,0,1
10/27/22,12311,104588,Soccer,94.64,45.57,0,1
10/27/22,12312,104589,Baseball,36.40,20.15,7,1
10/27/22,12313,104590,Hockey,11.44,-12.71,7,2
10/27/22,12314,104591,Baseball,36.40,6.82,7,1
10/27/22,12315,104592,Hockey,158.60,78.12,0,1
10/27/22,12316,104593,Football,191.88,104.16,0,
10/28/22,12317,104594,Hockey,208.00,108.19,0,
10/28/22,12318,104595,Hockey,55.12,11.16,0,
10/28/22,12319,104596,Basketball,215.28,119.04,0,
10/28/22,12320,104597,Soccer,78.52,44.33,0,5
10/28/22,12321,104598,Football,71.24,40.61,0,1
10/28/22,12322,104599,Baseball,94.64,42.78,0,4
10/28/22,12323,104600,Basketball,162.24,85.25,0,5
10/28/22,12324,104601,Basketball,205.92,115.32,0,
10/29/22,12325,104602,Baseball,67.60,19.53,0,4
10/29/22,12326,104603,Basketball,149.24,84.63,0,
10/29/22,12327,104604,Basketball,218.92,127.72,0,
10/29/22,12328,104605,Soccer,163.28,75.95,0,1
10/29/22,12329,104606,Basketball,198.12,112.84,0,
10/29/22,12330,104607,Baseball,205.92,104.78,0,2
10/30/22,12331,104608,Soccer,109.20,61.07,0,4
10/30/22,12332,104609,Hockey,159.12,88.04,0,2
10/30/22,12333,104610,Basketball,81.64,27.28,0,5
10/30/22,12334,104611,Football,80.08,32.24,0,
10/30/22,12335,104612,Baseball,152.88,88.04,0,
10/30/22,12336,104613,Hockey,127.40,63.86,0,3
10/30/22,12337,104614,Basketball,97.76,54.25,0,
10/30/22,12338,104615,Football,51.48,28.21,0,
10/31/22,12339,104616,Baseball,184.60,105.40,0,4
10/31/22,12340,104617,Soccer,175.24,88.35,0,
10/31/22,12341,104618,Baseball,16.12,-6.20,7,3
10/31/22,12342,104619,Soccer,32.24,16.43,7,2
10/31/22,12343,104620,Hockey,27.56,12.40,7,
11/1/22,12344,104621,Baseball,66.24,29.92,0,
11/1/22,12345,104622,Football,97.92,63.58,0,1
11/2/22,12346,104623,Basketball,85.44,55.00,0,3
11/2/22,12347,104624,Baseball,88.64,50.60,0,3
11/2/22,12348,104625,Football,71.68,40.26,0,
11/2/22,12349,104626,Baseball,23.04,11.88,7,5
11/2/22,12350,104627,Soccer,51.20,29.26,0,1
11/2/22,12351,104628,Baseball,117.44,66.66,0,
11/2/22,12352,104629,Soccer,24.32,12.54,7,3
11/2/22,12353,104630,Basketball,55.68,29.04,0,4
11/2/22,12354,104631,Soccer,126.40,77.22,0,
11/2/22,12355,104632,Basketball,60.48,35.64,0,3
11/2/22,12356,104633,Soccer,30.08,7.48,7,2
11/3/22,12357,104634,Soccer,68.16,42.24,0,
11/3/22,12358,104635,Football,63.36,39.16,0,3
11/3/22,12359,104636,Hockey,114.88,64.24,0,
11/3/22,12360,104637,Baseball,103.68,58.52,0,2
11/3/22,12361,104638,Football,39.36,18.92,7,5
11/3/22,12362,104639,Soccer,53.44,33.66,0,5
11/3/22,12363,104640,Soccer,56.96,34.98,0,4
11/3/22,12364,104641,Football,45.44,18.70,7,3
11/4/22,12365,104642,Football,61.12,27.06,0,5
11/4/22,12366,104643,Baseball,53.76,30.58,0,1
11/4/22,12367,104644,Hockey,101.44,60.28,0,
11/4/22,12368,104645,Soccer,49.60,30.14,0,
11/4/22,12369,104646,Basketball,110.72,66.44,0,5
11/4/22,12370,104647,Soccer,122.24,73.04,0,
11/4/22,12371,104648,Football,105.28,63.58,0,
11/4/22,12372,104649,Football,68.16,42.90,0,
11/5/22,12373,104650,Baseball,61.44,38.72,0,
11/5/22,12374,104651,Basketball,51.20,25.08,0,
11/5/22,12375,104652,Basketball,85.44,49.28,0,5
11/5/22,12376,104653,Baseball,83.52,47.52,0,1
11/5/22,12377,104654,Football,22.08,14.08,7,2
11/5/22,12378,104655,Football,51.20,27.28,0,
11/5/22,12379,104656,Hockey,80.64,52.36,0,5
11/5/22,12380,104657,Soccer,33.92,21.56,7,2
11/5/22,12381,104658,Basketball,105.92,66.88,0,1
11/6/22,12382,104659,Football,125.76,79.20,0,1
11/6/22,12383,104660,Basketball,129.92,86.24,0,4
11/6/22,12384,104661,Soccer,96.32,54.78,0,1
11/6/22,12385,104662,Hockey,7.36,3.08,7,1
11/6/22,12386,104663,Football,50.24,26.84,0,5
11/6/22,12387,104664,Basketball,76.80,51.70,0,4
11/6/22,12388,104665,Baseball,99.20,55.66,0,5
11/6/22,12389,104666,Basketball,104.32,62.70,0,2
11/7/22,12390,104667,Soccer,10.24,-4.40,7,
11/7/22,12391,104668,Soccer,67.52,39.82,0,3
11/7/22,12392,104669,Baseball,129.92,75.90,0,5
11/7/22,12393,104670,Hockey,25.28,7.04,7,2
11/7/22,12394,104671,Basketball,36.16,20.02,7,
11/7/22,12395,104672,Baseball,93.44,50.16,0,
11/7/22,12396,104673,Soccer,43.20,18.92,7,3
11/7/22,12397,104674,Football,127.04,84.04,0,1
11/7/22,12398,104675,Soccer,130.24,77.88,0,
11/7/22,12399,104676,Hockey,7.68,-0.66,7,
11/7/22,12400,104677,Football,86.72,57.64,0,4
11/7/22,12401,104678,Basketball,76.48,45.98,0,2
11/7/22,12402,104679,Football,76.16,50.16,0,3
11/8/22,12403,104680,Football,83.20,44.88,0,1
11/8/22,12404,104681,Football,10.56,3.74,7,2
11/8/22,12405,104682,Hockey,16.32,3.74,7,1
11/8/22,12406,104683,Football,23.36,1.10,7,3
11/8/22,12407,104684,Hockey,25.92,10.78,7,
11/8/22,12408,104685,Baseball,16.00,6.38,7,
11/9/22,12409,104686,Hockey,87.68,49.50,0,2
11/9/22,12410,104687,Hockey,75.84,49.28,0,4
11/9/22,12411,104688,Football,124.16,78.76,0,5
11/9/22,12412,104689,Baseball,6.40,0.00,7,2
11/9/22,12413,104690,Football,18.88,0.44,7,
11/9/22,12414,104691,Baseball,41.60,15.18,7,4
11/9/22,12415,104692,Basketball,56.32,31.68,0,3
11/9/22,12416,104693,Hockey,24.64,14.30,7,3
11/9/22,12417,104694,Basketball,101.12,60.28,0,
11/9/22,12418,104695,Football,6.40,3.08,7,4
11/10/22,12419,104696,Hockey,132.48,88.44,0,5
11/10/22,12420,104697,Football,119.68,70.18,0,
11/10/22,12421,104698,Hockey,13.44,0.22,7,2
11/10/22,12422,104699,Hockey,44.16,28.16,7,
11/10/22,12423,104700,Hockey,132.48,78.10,0,
11/10/22,12424,104701,Football,53.44,23.54,0,2
11/10/22,12425,104702,Soccer,113.92,69.08,0,1
11/11/22,12426,104703,Hockey,42.56,21.34,7,
11/11/22,12427,104704,Basketball,126.08,71.28,0,3
11/11/22,12428,104705,Hockey,120.32,68.42,0,
11/11/22,12429,104706,Basketball,126.72,76.78,0,2
11/11/22,12430,104707,Soccer,121.92,73.70,0,
11/11/22,12431,104708,Football,116.80,79.20,0,
11/11/22,12432,104709,Soccer,64.00,31.68,0,
11/12/22,12433,104710,Football,103.04,58.74,0,
11/12/22,12434,104711,Basketball,31.04,16.06,7,3
11/12/22,12435,104712,Baseball,118.40,75.46,0,3
11/12/22,12436,104713,Hockey,82.88,55.88,0,4
11/12/22,12437,104714,Football,119.04,74.80,0,2
11/12/22,12438,104715,Hockey,126.08,75.46,0,4
11/12/22,12439,104716,Football,32.96,16.72,7,4
11/12/22,12440,104717,Baseball,30.72,17.16,7,5
11/12/22,12441,104718,Basketball,38.08,18.26,7,4
11/12/22,12442,104719,Basketball,58.56,38.06,0,
11/12/22,12443,104720,Hockey,74.24,36.30,0,4
11/12/22,12444,104721,Basketball,95.36,50.82,0,4
11/13/22,12445,104722,Basketball,11.84,1.10,7,4
11/13/22,12446,104723,Basketball,111.36,66.88,0,5
11/13/22,12447,104724,Baseball,76.48,44.00,0,5
11/13/22,12448,104725,Baseball,87.68,54.56,0,
11/13/22,12449,104726,Baseball,95.04,50.82,0,5
11/13/22,12450,104727,Soccer,46.08,21.56,7,4
11/13/22,12451,104728,Soccer,110.72,60.72,0,2
11/14/22,12452,104729,Soccer,124.80,76.78,0,2
11/14/22,12453,104730,Hockey,47.68,17.60,7,3
11/14/22,12454,104731,Hockey,88.96,49.50,0,
11/14/22,12455,104732,Hockey,60.80,32.56,0,5
11/14/22,12456,104733,Football,33.60,10.12,7,1
11/14/22,12457,104734,Soccer,23.04,14.30,7,
11/14/22,12458,104735,Hockey,74.88,40.48,0,5
11/14/22,12459,104736,Football,8.64,-4.62,7,5
11/14/22,12460,104737,Hockey,107.52,67.98,0,1
11/15/22,12461,104738,Football,56.32,25.08,0,5
11/15/22,12462,104739,Hockey,102.08,61.16,0,
11/15/22,12463,104740,Basketball,29.76,14.52,7,
11/15/22,12464,104741,Baseball,32.64,10.78,7,2
11/15/22,12465,104742,Hockey,28.80,5.72,7,2
11/15/22,12466,104743,Hockey,85.76,48.84,0,1
11/15/22,12467,104744,Basketball,104.00,67.98,0,2
11/15/22,12468,104745,Baseball,105.60,64.02,0,1
11/15/22,12469,104746,Baseball,16.32,2.42,7,
11/15/22,12470,104747,Hockey,117.12,77.22,0,
11/16/22,12471,104748,Baseball,40.64,21.56,7,1
11/16/22,12472,104749,Football,96.00,57.20,0,
11/16/22,12473,104750,Football,109.76,60.06,0,
11/16/22,12474,104751,Basketball,70.40,46.42,0,4
11/16/22,12475,104752,Soccer,88.96,56.54,0,4
11/16/22,12476,104753,Hockey,10.88,5.50,7,2
11/16/22,12477,104754,Soccer,133.44,85.58,0,2
11/16/22,12478,104755,Hockey,33.92,13.42,7,2
11/16/22,12479,104756,Football,11.84,-2.20,7,4
11/16/22,12480,104757,Baseball,114.88,69.52,0,
11/16/22,12481,104758,Basketball,7.68,-4.62,7,
11/17/22,12482,104759,Basketball,112.32,65.12,0,
11/17/22,12483,104760,Soccer,69.12,36.96,0,
11/17/22,12484,104761,Soccer,130.88,79.64,0,3
11/17/22,12485,104762,Baseball,81.92,53.46,0,
11/17/22,12486,104763,Soccer,17.28,2.42,7,5
11/17/22,12487,104764,Hockey,32.96,18.92,7,5
11/17/22,12488,104765,Soccer,42.24,25.52,7,
11/18/22,12489,104766,Hockey,31.68,6.16,7,1
11/18/22,12490,104767,Basketball,32.32,6.82,7,3
11/18/22,12491,104768,Baseball,75.84,49.94,0,3
11/18/22,12492,104769,Baseball,126.08,83.38,0,
11/18/22,12493,104770,Basketball,82.24,42.24,0,5
11/19/22,12494,104771,Hockey,93.76,57.86,0,3
11/19/22,12495,104772,Basketball,21.76,11.88,7,
11/19/22,12496,104773,Hockey,112.64,72.60,0,
11/19/22,12497,104774,Hockey,43.20,16.72,7,5
11/19/22,12498,104775,Hockey,7.68,-2.42,7,3
11/19/22,12499,104776,Basketball,113.28,65.34,0,1
11/19/22,12500,104777,Soccer,37.76,16.28,7,1
11/20/22,12501,104778,Hockey,16.96,4.62,7,
11/20/22,12502,104779,Soccer,57.92,37.84,0,
11/20/22,12503,104780,Soccer,102.72,65.12,0,3
11/20/22,12504,104781,Hockey,110.08,70.40,0,5
11/20/22,12505,104782,Baseball,39.04,19.80,7,2
11/20/22,12506,104783,Basketball,39.68,18.26,7,1
11/20/22,12507,104784,Soccer,119.04,74.36,0,
11/20/22,12508,104785,Soccer,27.20,12.54,7,1
11/20/22,12509,104786,Hockey,104.64,68.64,0,2
11/21/22,12510,104787,Baseball,127.04,76.34,0,2
11/21/22,12511,104788,Basketball,133.12,86.24,0,5
11/21/22,12512,104789,Football,109.12,64.24,0,5
11/21/22,12513,104790,Baseball,78.40,41.36,0,2
11/21/22,12514,104791,Football,89.60,46.42,0,4
11/21/22,12515,104792,Football,32.32,17.82,7,
11/21/22,12516,104793,Soccer,34.24,21.78,7,
11/21/22,12517,104794,Hockey,47.04,20.90,7,
11/22/22,12518,104795,Football,76.48,37.40,0,4
11/22/22,12519,104796,Soccer,78.72,51.70,0,3
11/22/22,12520,104797,Soccer,74.88,35.86,0,3
11/22/22,12521,104798,Soccer,68.80,44.22,0,2
11/22/22,12522,104799,Soccer,125.76,75.90,0,3
11/23/22,12523,104800,Basketball,66.24,40.26,0,2
11/23/22,12524,104801,Soccer,72.32,36.96,0,5
11/23/22,12525,104802,Football,106.56,61.82,0,2
11/23/22,12526,104803,Baseball,83.20,51.26,0,2
11/23/22,12527,104804,Soccer,115.84,71.94,0,5
11/23/22,12528,104805,Basketball,30.40,19.58,7,
11/23/22,12529,104806,Baseball,76.16,42.24,0,4
11/23/22,12530,104807,Hockey,13.12,3.96,7,5
11/23/22,12531,104808,Baseball,12.48,-3.30,7,3
11/23/22,12532,104809,Baseball,85.44,56.10,0,5
11/23/22,12533,104810,Football,49.92,21.34,0,1
11/24/22,12534,104811,Hockey,41.28,16.72,7,
11/24/22,12535,104812,Basketball,24.00,10.34,7,
11/24/22,12536,104813,Basketball,63.36,28.16,0,5
11/24/22,12537,104814,Baseball,53.44,29.70,0,1
11/24/22,12538,104815,Football,116.48,69.08,0,3
11/24/22,12539,104816,Hockey,78.72,50.16,0,3
11/25/22,12540,104817,Soccer,27.20,14.52,7,5
11/25/22,12541,104818,Baseball,134.08,85.58,0,3
11/25/22,12542,104819,Baseball,121.92,75.24,0,4
11/25/22,12543,104820,Baseball,55.68,28.38,0,2
11/25/22,12544,104821,Hockey,125.44,78.54,0,
11/25/22,12545,104822,Hockey,109.12,66.22,0,5
11/25/22,12546,104823,Football,14.72,-5.06,7,
11/26/22,12547,104824,Basketball,73.92,43.56,0,3
11/26/22,12548,104825,Football,61.12,36.52,0,3
11/26/22,12549,104826,Hockey,6.40,-9.02,7,5
11/26/22,12550,104827,Hockey,48.64,19.58,7,1
11/26/22,12551,104828,Baseball,51.20,29.04,0,2
11/26/22,12552,104829,Football,131.20,80.74,0,3
11/26/22,12553,104830,Baseball,6.40,-8.36,7,4
11/27/22,12554,104831,Basketball,25.60,11.66,7,1
11/27/22,12555,104832,Soccer,24.64,12.54,7,5
11/27/22,12556,104833,Hockey,40.64,26.62,7,1
11/27/22,12557,104834,Basketball,13.12,-4.62,7,1
11/27/22,12558,104835,Football,64.64,40.70,0,4
11/27/22,12559,104836,Football,95.36,51.26,0,
11/28/22,12560,104837,Basketball,113.60,68.86,0,4
11/28/22,12561,104838,Basketball,130.88,77.66,0,4
11/28/22,12562,104839,Soccer,20.80,0.00,7,5
11/28/22,12563,104840,Hockey,14.08,4.40,7,5
11/28/22,12564,104841,Basketball,62.08,40.70,0,5
11/28/22,12565,104842,Hockey,80.96,42.68,0,4
11/28/22,12566,104843,Basketball,84.16,54.78,0,2
11/28/22,12567,104844,Soccer,65.28,41.14,0,5
11/28/22,12568,104845,Soccer,99.20,65.12,0,
11/29/22,12569,104846,Baseball,75.84,36.52,0,4
11/29/22,12570,104847,Soccer,34.24,12.10,7,3
11/29/22,12571,104848,Football,52.16,33.44,0,
11/29/22,12572,104849,Basketball,9.92,5.06,7,4
11/29/22,12573,104850,Basketball,79.04,49.06,0,2
11/29/22,12574,104851,Football,67.84,44.44,0,1
11/29/22,12575,104852,Basketball,132.80,77.88,0,2
11/29/22,12576,104853,Basketball,48.64,22.88,7,1
11/29/22,12577,104854,Hockey,6.40,-2.64,7,
11/30/22,12578,104855,Soccer,62.08,41.58,0,4
11/30/22,12579,104856,Soccer,41.92,23.76,7,
11/30/22,12580,104857,Basketball,78.40,42.24,0,
11/30/22,12581,104858,Basketball,135.68,86.46,0,3
11/30/22,12582,104859,Basketball,132.48,85.14,0,4
11/30/22,12583,104860,Basketball,22.72,3.52,7,
11/30/22,12584,104861,Soccer,101.44,64.90,0,5
11/30/22,12585,104862,Basketball,113.92,63.14,0,2
11/30/22,12586,104863,Hockey,121.60,75.24,0,5
11/30/22,12587,104864,Football,68.16,42.90,0,
12/1/22,12588,104865,Hockey,170.15,134.98,0,4
12/1/22,12589,104866,Soccer,100.04,74.46,0,
12/1/22,12590,104867,Hockey,151.70,107.10,0,3
12/1/22,12591,104868,Basketball,90.20,65.96,0,5
12/1/22,12592,104869,Hockey,146.37,115.94,0,
12/1/22,12593,104870,Football,166.87,117.30,0,1
12/2/22,12594,104871,Soccer,138.17,91.46,0,1
12/2/22,12595,104872,Football,120.13,90.44,0,2
12/2/22,12596,104873,Baseball,106.60,64.94,0,
12/2/22,12597,104874,Hockey,56.17,39.10,0,2
12/2/22,12598,104875,Basketball,63.14,34.68,0,5
12/2/22,12599,104876,Soccer,153.34,124.44,0,1
12/2/22,12600,104877,Football,119.72,88.40,0,1
12/2/22,12601,104878,Hockey,164.82,117.64,0,
12/2/22,12602,104879,Basketball,73.80,48.28,0,4
12/3/22,12603,104880,Soccer,12.30,8.16,7,2
12/3/22,12604,104881,Soccer,137.76,97.92,0,5
12/3/22,12605,104882,Basketball,81.59,46.24,0,
12/3/22,12606,104883,Basketball,132.43,103.02,0,4
12/3/22,12607,104884,Football,29.93,19.38,7,5
12/3/22,12608,104885,Football,71.34,41.82,0,5
12/3/22,12609,104886,Football,128.33,99.62,0,5
12/3/22,12610,104887,Baseball,51.25,27.54,0,3
12/3/22,12611,104888,Football,125.05,95.54,0,4
12/3/22,12612,104889,Hockey,141.45,94.86,0,
12/4/22,12613,104890,Soccer,108.65,74.46,0,
12/4/22,12614,104891,Football,50.43,39.78,0,2
12/4/22,12615,104892,Hockey,80.36,61.54,0,5
12/5/22,12616,104893,Football,93.48,65.28,0,3
12/5/22,12617,104894,Soccer,148.01,104.38,0,
12/5/22,12618,104895,Baseball,109.88,86.36,0,5
12/6/22,12619,104896,Soccer,71.75,49.64,0,
12/6/22,12620,104897,Basketball,48.79,16.32,7,3
12/6/22,12621,104898,Hockey,145.14,104.38,0,5
12/6/22,12622,104899,Basketball,168.10,123.08,0,
12/6/22,12623,104900,Soccer,47.56,22.10,7,3
12/6/22,12624,104901,Basketball,13.53,8.50,7,5
12/6/22,12625,104902,Basketball,68.47,45.56,0,3
12/6/22,12626,104903,Hockey,110.70,74.80,0,2
12/6/22,12627,104904,Hockey,115.62,81.26,0,5
12/7/22,12628,104905,Soccer,153.34,113.90,0,5
12/7/22,12629,104906,Baseball,79.95,54.74,0,4
12/7/22,12630,104907,Hockey,155.80,106.08,0,1
12/7/22,12631,104908,Soccer,118.49,89.08,0,
12/7/22,12632,104909,Hockey,51.66,27.88,0,2
12/7/22,12633,104910,Baseball,159.08,120.70,0,
12/7/22,12634,104911,Hockey,24.19,9.52,7,
12/7/22,12635,104912,Basketball,100.04,60.52,0,3
12/7/22,12636,104913,Basketball,151.70,102.68,0,5
12/7/22,12637,104914,Basketball,121.36,96.90,0,3
12/7/22,12638,104915,Football,162.77,120.70,0,5
12/7/22,12639,104916,Basketball,30.34,8.50,7,
12/7/22,12640,104917,Hockey,89.38,70.04,0,5
12/8/22,12641,104918,Basketball,78.72,61.54,0,3
12/8/22,12642,104919,Hockey,116.85,90.44,0,2
12/8/22,12643,104920,Football,146.37,103.36,0,
12/8/22,12644,104921,Baseball,132.02,93.50,0,2
12/8/22,12645,104922,Football,79.13,45.22,0,4
12/8/22,12646,104923,Hockey,87.33,64.60,0,3
12/8/22,12647,104924,Hockey,61.91,48.28,0,2
12/8/22,12648,104925,Hockey,25.83,19.72,7,3
12/8/22,12649,104926,Baseball,125.87,83.64,0,2
12/8/22,12650,104927,Football,85.28,53.38,0,4
12/8/22,12651,104928,Soccer,87.33,54.74,0,3
12/9/22,12652,104929,Baseball,95.12,75.14,0,1
12/9/22,12653,104930,Hockey,89.38,65.28,0,2
12/9/22,12654,104931,Soccer,88.56,66.98,0,3
12/9/22,12655,104932,Baseball,152.11,118.66,0,4
12/9/22,12656,104933,Baseball,80.36,49.98,0,4
12/9/22,12657,104934,Baseball,135.71,106.42,0,3
12/10/22,12658,104935,Hockey,34.44,5.10,7,5
12/10/22,12659,104936,Hockey,122.59,79.56,0,1
12/10/22,12660,104937,Football,138.99,103.02,0,5
12/10/22,12661,104938,Basketball,75.03,59.84,0,
12/10/22,12662,104939,Basketball,22.96,6.12,7,5
12/10/22,12663,104940,Basketball,68.88,52.70,0,4
12/10/22,12664,104941,Baseball,108.24,85.00,0,1
12/10/22,12665,104942,Basketball,94.71,66.98,0,
12/10/22,12666,104943,Baseball,93.48,70.38,0,5
12/10/22,12667,104944,Football,80.77,46.58,0,
12/10/22,12668,104945,Baseball,141.04,93.16,0,
12/11/22,12669,104946,Basketball,124.64,92.82,0,
12/11/22,12670,104947,Hockey,26.65,9.18,7,
12/11/22,12671,104948,Baseball,111.93,78.54,0,
12/11/22,12672,104949,Hockey,34.85,5.44,7,4
12/11/22,12673,104950,Football,82.00,51.34,0,
12/12/22,12674,104951,Hockey,157.85,114.24,0,3
12/12/22,12675,104952,Soccer,27.88,20.06,7,
12/12/22,12676,104953,Hockey,148.83,106.08,0,3
12/12/22,12677,104954,Basketball,166.46,122.74,0,
12/12/22,12678,104955,Hockey,9.43,3.06,7,5
12/12/22,12679,104956,Soccer,34.85,16.66,7,1
12/12/22,12680,104957,Basketball,60.27,33.66,0,2
12/12/22,12681,104958,Baseball,33.62,15.64,7,5
12/12/22,12682,104959,Football,124.64,95.88,0,3
12/12/22,12683,104960,Football,14.76,8.16,7,5
12/12/22,12684,104961,Football,70.11,47.94,0,
12/13/22,12685,104962,Soccer,32.80,15.98,7,4
12/13/22,12686,104963,Baseball,28.29,3.40,7,1
12/13/22,12687,104964,Basketball,75.85,40.46,0,4
12/13/22,12688,104965,Basketball,154.98,118.66,0,1
12/13/22,12689,104966,Football,17.22,2.72,7,
12/14/22,12690,104967,Basketball,35.67,16.32,7,5
12/14/22,12691,104968,Baseball,128.33,101.66,0,
12/14/22,12692,104969,Hockey,118.08,77.52,0,
12/14/22,12693,104970,Basketball,47.56,31.62,7,3
12/14/22,12694,104971,Basketball,58.63,36.38,0,2
12/14/22,12695,104972,Hockey,39.77,24.48,7,1
12/14/22,12696,104973,Baseball,84.46,49.30,0,1
12/15/22,12697,104974,Hockey,93.07,75.14,0,5
12/15/22,12698,104975,Hockey,72.16,41.48,0,3
12/15/22,12699,104976,Basketball,55.35,43.18,0,1
12/15/22,12700,104977,Hockey,20.09,14.62,7,5
12/15/22,12701,104978,Hockey,144.73,109.14,0,
12/15/22,12702,104979,Hockey,47.97,23.12,7,
12/15/22,12703,104980,Hockey,68.06,35.70,0,1
12/15/22,12704,104981,Hockey,60.68,35.02,0,
12/15/22,12705,104982,Football,36.49,12.24,7,4
12/15/22,12706,104983,Hockey,68.47,49.64,0,5
12/15/22,12707,104984,Basketball,64.37,30.94,0,5
12/16/22,12708,104985,Football,30.75,15.98,7,3
12/16/22,12709,104986,Baseball,72.98,36.38,0,3
12/16/22,12710,104987,Football,20.09,-6.12,7,5
12/16/22,12711,104988,Hockey,121.36,78.54,0,
12/16/22,12712,104989,Baseball,15.17,-10.20,7,
12/16/22,12713,104990,Basketball,82.41,56.78,0,5
12/16/22,12714,104991,Hockey,71.75,57.12,0,1
12/16/22,12715,104992,Hockey,43.05,18.36,7,
12/16/22,12716,104993,Baseball,173.43,137.02,0,2
12/17/22,12717,104994,Soccer,98.40,69.70,0,1
12/17/22,12718,104995,Football,29.52,18.36,7,2
12/17/22,12719,104996,Hockey,64.78,32.30,0,3
12/17/22,12720,104997,Soccer,173.43,137.02,0,1
12/17/22,12721,104998,Soccer,46.33,22.78,7,
12/17/22,12722,104999,Soccer,31.57,14.62,7,5
12/17/22,12723,105000,Soccer,76.26,40.80,0,
12/17/22,12724,105001,Soccer,169.74,135.32,0,4
12/17/22,12725,105002,Basketball,23.37,7.48,7,2
12/18/22,12726,105003,Hockey,152.11,102.00,0,5
12/18/22,12727,105004,Baseball,125.87,88.06,0,1
12/18/22,12728,105005,Soccer,170.56,123.42,0,5
12/18/22,12729,105006,Soccer,69.70,46.92,0,5
12/18/22,12730,105007,Hockey,62.32,49.64,0,4
12/18/22,12731,105008,Soccer,112.34,75.82,0,
12/18/22,12732,105009,Soccer,55.35,40.46,0,
12/18/22,12733,105010,Soccer,15.58,10.54,7,3
12/18/22,12734,105011,Basketball,63.96,41.48,0,2
12/18/22,12735,105012,Football,38.54,9.52,7,4
12/18/22,12736,105013,Baseball,143.91,103.70,0,2
12/19/22,12737,105014,Soccer,89.38,51.68,0,
12/19/22,12738,105015,Football,110.29,77.52,0,
12/19/22,12739,105016,Hockey,127.51,81.94,0,5
12/19/22,12740,105017,Baseball,37.31,12.58,7,5
12/19/22,12741,105018,Hockey,136.53,108.80,0,3
12/19/22,12742,105019,Basketball,137.76,95.20,0,
12/20/22,12743,105020,Soccer,51.66,23.80,0,2
12/20/22,12744,105021,Soccer,121.36,95.54,0,5
12/20/22,12745,105022,Soccer,31.57,13.94,7,1
12/20/22,12746,105023,Football,60.27,47.60,0,4
12/20/22,12747,105024,Basketball,80.36,55.42,0,
12/20/22,12748,105025,Hockey,172.61,139.40,0,
12/20/22,12749,105026,Baseball,164.00,123.08,0,5
12/20/22,12750,105027,Hockey,34.85,18.70,7,
12/21/22,12751,105028,Basketball,38.13,18.36,7,3
12/21/22,12752,105029,Soccer,63.96,47.26,0,
12/21/22,12753,105030,Baseball,85.69,62.22,0,5
12/21/22,12754,105031,Football,20.50,15.30,7,4
12/21/22,12755,105032,Soccer,157.44,109.48,0,
12/21/22,12756,105033,Hockey,161.54,123.08,0,5
12/21/22,12757,105034,Soccer,167.69,125.46,0,1
12/21/22,12758,105035,Basketball,130.38,85.34,0,3
12/21/22,12759,105036,Basketball,133.25,100.98,0,1
12/21/22,12760,105037,Football,122.18,94.18,0,5
12/21/22,12761,105038,Football,128.33,99.96,0,
12/22/22,12762,105039,Baseball,71.34,47.60,0,2
12/22/22,12763,105040,Hockey,9.02,-1.36,7,
12/22/22,12764,105041,Hockey,98.81,58.14,0,
12/22/22,12765,105042,Hockey,20.09,0.68,7,5
12/22/22,12766,105043,Hockey,168.51,117.98,0,
12/22/22,12767,105044,Basketball,50.43,24.82,0,
12/22/22,12768,105045,Hockey,55.76,41.14,0,2
12/22/22,12769,105046,Soccer,81.18,47.26,0,
12/22/22,12770,105047,Soccer,143.09,111.86,0,5
12/22/22,12771,105048,Football,62.73,41.14,0,5
12/23/22,12772,105049,Football,54.12,27.54,0,3
12/23/22,12773,105050,Baseball,55.35,43.18,0,4
12/23/22,12774,105051,Soccer,77.08,50.32,0,5
12/23/22,12775,105052,Soccer,88.97,49.98,0,2
12/23/22,12776,105053,Hockey,125.05,83.98,0,1
12/23/22,12777,105054,Soccer,22.96,-1.36,7,2
12/23/22,12778,105055,Basketball,47.97,15.64,7,
12/23/22,12779,105056,Football,36.90,28.22,7,4
12/23/22,12780,105057,Soccer,71.75,49.98,0,4
12/23/22,12781,105058,Soccer,139.81,101.66,0,5
12/23/22,12782,105059,Baseball,70.93,46.24,0,3
12/24/22,12783,105060,Basketball,66.42,40.80,0,
12/24/22,12784,105061,Baseball,149.65,112.20,0,
12/24/22,12785,105062,Football,78.31,53.72,0,
12/24/22,12786,105063,Hockey,82.41,53.38,0,2
12/24/22,12787,105064,Baseball,147.19,97.92,0,5
12/24/22,12788,105065,Football,55.35,31.28,0,
12/24/22,12789,105066,Basketball,111.52,88.06,0,2
12/24/22,12790,105067,Basketball,74.62,60.18,0,4
12/24/22,12791,105068,Soccer,107.01,71.40,0,3
12/24/22,12792,105069,Soccer,127.92,88.06,0,4
12/25/22,12793,105070,Baseball,165.64,128.86,0,3
12/25/22,12794,105071,Baseball,150.06,107.10,0,3
12/25/22,12795,105072,Soccer,55.35,43.18,0,
12/25/22,12796,105073,Basketball,28.29,12.24,7,4
12/25/22,12797,105074,Basketball,106.60,74.80,0,5
12/25/22,12798,105075,Basketball,168.92,120.36,0,3
12/25/22,12799,105076,Soccer,97.17,61.54,0,1
12/25/22,12800,105077,Soccer,34.44,19.38,7,
12/25/22,12801,105078,Soccer,39.36,26.86,7,5
12/25/22,12802,105079,Baseball,62.73,45.22,0,5
12/25/22,12803,105080,Hockey,128.33,97.92,0,5
12/25/22,12804,105081,Basketball,163.59,116.62,0,
12/26/22,12805,105082,Basketball,152.52,107.78,0,3
12/26/22,12806,105083,Soccer,169.33,137.02,0,2
12/26/22,12807,105084,Baseball,161.95,117.30,0,3
12/26/22,12808,105085,Hockey,97.58,57.46,0,3
12/26/22,12809,105086,Hockey,119.72,94.86,0,
12/26/22,12810,105087,Football,55.35,30.60,0,3
12/26/22,12811,105088,Soccer,148.01,119.68,0,3
12/26/22,12812,105089,Basketball,158.67,121.38,0,2
12/26/22,12813,105090,Soccer,117.26,90.44,0,3
12/26/22,12814,105091,Soccer,139.81,113.56,0,
12/26/22,12815,105092,Baseball,56.17,34.34,0,
12/26/22,12816,105093,Football,96.76,78.20,0,4
12/26/22,12817,105094,Basketball,141.45,104.72,0,2
12/27/22,12818,105095,Basketball,89.38,49.98,0,
12/27/22,12819,105096,Basketball,116.03,83.98,0,3
12/27/22,12820,105097,Baseball,86.51,69.02,0,2
12/27/22,12821,105098,Soccer,154.16,111.52,0,4
12/28/22,12822,105099,Baseball,18.04,13.26,7,2
12/28/22,12823,105100,Baseball,69.70,56.10,0,
12/28/22,12824,105101,Hockey,62.73,49.64,0,5
12/28/22,12825,105102,Basketball,16.81,-1.02,7,2
12/28/22,12826,105103,Basketball,68.06,53.38,0,1
12/28/22,12827,105104,Soccer,46.33,20.74,7,2
12/28/22,12828,105105,Soccer,62.32,47.60,0,3
12/28/22,12829,105106,Hockey,142.27,97.92,0,
12/29/22,12830,105107,Football,78.72,62.56,0,5
12/29/22,12831,105108,Baseball,95.12,74.80,0,
12/29/22,12832,105109,Baseball,169.33,137.70,0,5
12/29/22,12833,105110,Football,37.31,17.00,7,4
12/29/22,12834,105111,Basketball,113.57,90.78,0,5
12/29/22,12835,105112,Baseball,144.73,106.08,0,
12/29/22,12836,105113,Football,102.50,72.08,0,5
12/30/22,12837,105114,Baseball,15.17,0.00,7,2
12/30/22,12838,105115,Hockey,164.00,121.04,0,
12/30/22,12839,105116,Football,38.95,21.76,7,
12/30/22,12840,105117,Hockey,120.95,92.82,0,3
12/30/22,12841,105118,Hockey,58.22,36.04,0,
12/30/22,12842,105119,Hockey,115.21,72.76,0,
12/30/22,12843,105120,Baseball,10.66,2.04,7,4
12/30/22,12844,105121,Football,90.20,52.02,0,2
12/31/22,12845,105122,Football,62.73,37.74,0,5
12/31/22,12846,105123,Soccer,151.70,114.24,0,
12/31/22,12847,105124,Football,139.81,113.22,0,